3959 5159
544 496 625 555 100
732 416 1578 562 eetnn'ennnn‘nto

586 639 688 713 Ende
703 663 748 714 en
764 631 850 715 dbet
866 640 943 715 hier
959 659 1084 739 tegens
1100 640 1175 714 niet
1191 640 1250 716 dat
1275 642 1331 715 die
1349 642 1582 719 Verwerderr
1603 668 1731 722 onver·

452 741 456 751 '
541 735 695 810 mindert
710 736 798 810 huet
817 735 991 811 conctufie
1008 760 1081 837 nan
1104 736 1177 836 niet
1194 738 1494 833 ontfanckelyck‚
1520 742 1624 815 mede
1651 768 1731 838 per·

535 832 687 926 emptoir
716 831 889 907 conclufie
919 832 1026 905 soude
1063 854 1239 929 genomen
1277 832 1417 907 hebben
1461 854 1516 907 tot
1549 836 1752 933 absolutie„

512 1003 515 1012 ,
536 932 630 1028 Quin
648 932 786 1001 Clericus
806 954 866 1001 non
882 928 979 1023 potest
993 951 1160 1023 prorogare
1171 928 1420 1015 jurisdiltionent
1436 930 1732 1035 jodicisstculoris
1824 963 1825 972 ¹

462 1040 469 1051 “
536 1031 634 1095 etiarn
650 1024 687 1093 de
711 1028 850 1116 conscnstu
874 1026 1037 1117 Episcopi,
1062 1041 1099 1093 ut
1129 1026 1247 1095 docitur
1270 1046 1340 1117 cop.
1361 1028 1558 1119 fignificatii.
1609 1034 1730 1129 ,Quon-

535 1121 702 1213 locumque
728 1146 769 1193 eu
790 1125 870 1193 ollis
891 1122 992 1207 judici
1008 1122 1149 1211 seculari
1170 1118 1314 1207 conplet,
1349 1144 1438 1193 reum
1463 1126 1520 1215 effi·
1551 1126 1730 1221 Clericunr,

535 1218 592 1287 vel
608 1238 664 1306 per
676 1216 884 1307 confeffioncrn
898 1218 1036 1303 odoris,
1059 1218 1114 1285 vel
1125 1217 1337 1309 probationem
1368 1221 1437 1307 rei,
1460 1222 1547 1291 debet
1571 1242 1610 1291 ex
1631 1220 1730 1309 officio

534 1314 826 1401 repellereoclorenr
849 1334 871 1380 o
898 1310 1154 1399 liminejuditii,
1181 1310 1223 1391 Β
1247 1335 1335 1383 reum
1360 1314 1519 1405 absolvere
1540 1319 1582 1387 ol
1605 1318 1729 1411 instan-

531 1416 592 1477 tr'o.
645 1405 740 1503 ‚Quia
755 1406 816 1498 istu
837 1410 973 1497 exceptio
996 1412 1227 1500 incompetentie
1239 1408 1475 1499 jurisdictionis
1499 1412 1603 1493 reddit
1623 1430 1726 1487 toturn

376 1521 385 1529 .
525 1502 696 1594 γνωμῃ,
721 1518 807 1574 mm
845 1505 995 1588 nullutn,
1030 1503 1071 1581 &
1099 1505 1261 1577 Sententia
1288 1506 1330 1575 od
1365 1509 1584 1597 incompetente
1608 1512 1727 1596 Judice
1781 1556 1785 1563 ,

529 1598 626 1686 loto,
651 1596 694 1690 est
709 1594 772 1689 ipso
777 1597 854 1691 jure
870 1601 959 1669 nullu
973 1611 1011 1667 ut
1027 1598 1082 1667 Co.
1092 1603 1125 1692 st
1144 1620 1166 1666 o
1182 1620 1241 1670 non
1256 1617 1441 1691 competente
1453 1602 1564 1693 judice
1584 1604 1651 1683 &c
1665 1628 1726 1699 per
1758 1677 1765 1691 ,

530 1709 653 1778 toturn,
679 1692 721 1772 (ol
736 1696 774 1765 dc
790 1691 846 1764 hoc
868 1691 1074 1783 estnotabilis
1089 1709 1195 1763 tentus
1212 1698 1246 1764 in
1272 1717 1339 1787 cap.
1365 1712 1402 1767 ot
1415 1704 1450 1791 st
1471 1700 1586 1771 Clerici
1606 1703 1724 1792 dejud.

450 1815 452 1820 ·
529 1790 573 1871 ὅ
593 1790 711 1859 dicitur
731 1806 797 1881 cop.
807 1794 841 1881 ſs
855 1790 1012 1883 diligenti.
1058 1790 1107 1861 Et
1128 1789 1251 1881 infioper
1265 1792 1440 1885 constitutio
1457 1793 1637 1886 Imperiolit
1654 1822 1724 1892 que

530 1886 567 1955 in
582 1882 638 1957 doc
650 1882 723 1973 calu
737 1880 781 1975 est
795 1880 1026 1973 prohibitoria,
1052 1883 1093 1978 est
1106 1890 1204 1959 etiarn
1215 1889 1337 1977 penalis
1360 1906 1469 1959 contro
1479 1892 1621 1977 judicent
1636 1910 1672 1965 ut
1687 1902 1723 1967 in

529 1982 618 2053 diilo
632 2002 702 2051 ouc.
727 1980 907 2051 Stotuienus
922 1982 957 2051 in
977 1981 1059 2071 fine.
1107 1984 1191 2051 tren
1216 1987 1351 2074 exceptio
1376 1987 1604 2077 incompetentic
1615 1988 1723 2079 juris-

527 2077 671 2149 dictionis
684 2074 782 2167 potest
802 2078 911 2167 epponi
926 2075 993 2168 post
1000 2074 1194 2168 sententrorn
1211 2093 1246 2153 ut
1273 2090 1303 2164 ς.
1327 2085 1519 2173 appellantes
1534 2087 1569 2153 in
1585 2086 1662 2176 glos.
1685 2091 1722 2157 in

416 2214 420 2220 -
528 2170 607 2243 Ver.
622 2172 747 2261 setnpcr
770 2173 924 2260 institutio
939 2173 982 2252 ὅ
998 2175 1154 2263 excepti05
1181 2180 1413 2271 quantomagis
1438 2178 1720 2268 ontrsentcntioen.

576 2266 651 2340 Dat
679 2266 737 2339 die
761 2264 996 2341 Verwerders
1028 2264 1116 2337 huet
1148 2264 1302 2339 defensse
1329 2286 1389 2339 ten
1418 2270 1633 2367 principalen
1656 2298 1719 2369 ge·

528 2360 618 2437 daen
646 2360 805 2451 hebben,
840 2360 901 2434 dat
925 2358 1064 2434 hebben
1084 2382 1129 2454 zy
1154 2361 1290 2455 gednen
1314 2378 1367 2433 ter
1397 2384 1504 2435 eeren
1535 2386 1604 2439 van
1628 2365 1719 2441 nuer

525 2456 737 2546 fundateur,
763 2480 823 2531 om
847 2458 907 2531 dat
933 2456 991 2529 die
1018 2455 1139 2529 Grave
1163 2477 1232 2527 van
1256 2456 1425 2544 Hollant,
1452 2458 1499 2533 als
1525 2460 1624 2533 Heer
1651 2486 1720 2537 van

524 2556 648 2640 Pente,
673 2577 710 2628 eo
728 2552 915 2628 fundateur
930 2574 1000 2625 van
1019 2550 1107 2623 heur
1129 2550 1294 2646 College,
1320 2552 1410 2626 ende
1433 2574 1478 2648 zy
1500 2556 1573 2627 niet
1594 2577 1639 2627 en
1657 2560 1718 2637 be·

524 2671 656 2745 geeren
682 2648 738 2721 die
760 2648 838 2742 g'ele
864 2644 999 2718 entheit
1022 2643 1065 2717 of
1084 2644 1353 2717 warachtieheit
1379 2668 1449 2718 van
1471 2646 1540 2718 den
1565 2648 1716 2726 saecken

525 2746 594 2818 den
611 2744 721 2815 Hove
739 2764 808 2813 van
861 2741 968 2812 ollam
994 2757 1029 2809 te
1046 2738 1273 2826 occultem,
1300 2764 1360 2811 om
1375 2742 1412 2813 in
1426 2739 1541 2833 gheen
1557 2745 1714 2842 indigna-

524 2841 574 2915 tie
594 2837 732 2909 vanden
753 2837 861 2908 Hove
877 2854 913 2907 te
927 2832 1060 2921 vallen3
1086 2854 1182 2905 maer
1199 2832 1283 2905 daer
1304 2835 1389 2909 deur
1422 2856 1468 2913 ,en
1492 2834 1554 2932 syn
1576 2864 1621 2937 zy
1644 2864 1716 2915 van
1866 2914 1872 2931 ,

524 2932 701 3027 gheender
716 2930 928 3027 meyningen
945 2947 981 3000 te
1003 2928 1116 3000 doene
1136 2926 1190 2999 oft
1214 2946 1250 3001 te
1265 2930 1494 3005 consenteren
1513 2935 1549 3004 in
1565 2940 1714 3029 Jodicrno

520 3033 689 3119 [erubunt
704 3046 814 3100 contra
824 3027 1065 3119 prohibitionem
1081 3028 1244 3097 Cononem
1268 3030 1308 3105 Θ
1333 3030 1583 3123 constitutionum
1608 3036 1712 3127 lenpe·

522 3126 679 3214 rontium,
699 3124 865 3216 presertim
880 3122 990 3218 quidus
1011 3122 1192 3193 renunciare
1206 3144 1265 3192 non
1274 3124 1420 3219 poffunt,
1439 3140 1476 3195 ut
1504 3130 1621 3201 dicitnr
1645 3153 1714 3225 cap.

524 3222 564 3295 Si
581 3222 735 3315 diligenti.
760 3219 801 3300 &
819 3236 887 3310 cop.
910 3215 1113 3312 significasti.

569 3317 660 3387 Item
677 3338 723 3387 en
739 3314 823 3387 doct
841 3314 914 3385 niet
929 3330 1051 3407 tegens
1069 3311 1125 3384 die
1141 3311 1380 3400 verwerders,
1406 3314 1467 3391 dat
1483 3316 1539 3389 die
1562 3318 1710 3415 eyscher

518 3410 624 3485 leude
644 3411 763 3483 willen
776 3408 998 3505 seggenquod
1013 3411 1143 3501 cognitio
1157 3409 1251 3502 hujus
1264 3415 1354 3497 ceule
1364 3415 1515 3503 spenorct
1528 3414 1574 3485 ad
1607 3419 1710 3489 Comi·

517 3524 581 3579 tem
597 3510 767 3578 Hellondie
785 3506 828 3586 ὃ
846 3508 1022 3579 Dominum
1043 3505 1081 3577 dc
1098 3502 1190 3595 Pet,
1217 3521 1381 3599 tamquam
1402 3509 1610 3598 fundatorem
1634 3518 1710 3605 quio

517 3602 574 3675 doc
602 3623 663 3671 non
686 3603 728 3694 cst
754 3624 878 3673 uerum.
937 3603 1150 3674 comesenim
1174 3602 1344 3673 Hollondie
1368 3604 1527 3677 Dominus
1546 3608 1585 3679 dr
1609 3608 1709 3701 Put,

510 3697 680 3794 fundando
697 3695 739 3776 ὅ
753 3698 888 3768 dotando
902 3720 1009 3769 coeunt
1033 3698 1189 3789 collegium
1213 3697 1250 3767 de
1274 3700 1413 3791 consensu
1452 3702 1608 3795 Epistopr',
1635 3707 1711 3778 bene

515 3796 651 3889 acquirit
663 3798 717 3880 ius
732 3807 943 3883 potronatus,
958 3792 1020 3885 sed
1034 3814 1094 3863 non
1101 3785 1351 3881 jurisdillionem
1372 3802 1408 3869 in
1426 3800 1560 3870 Clericus
1579 3802 1707 3890 prrip-

514 3892 585 3981 funt
609 3890 814 3982 presentatus.
862 3890 958 3985 Quia
984 3888 1082 3981 Popo
1103 3890 1141 3959 de
1160 3887 1310 3980 potestate
1332 3895 1495 3986 ordinario
1526 3914 1585 3963 non
1609 3896 1708 3990 potest
1811 3908 1816 3915 '

515 3991 649 4061 Clericus
661 3984 812 4078 subjicere
825 3985 1046 4078 jurisdillioni
1067 3983 1189 4075 judicis
1211 3986 1389 4076 Seculuris,
1415 4012 1453 4059 nr
1478 3987 1708 4063 decolorentur

507 4084 616 4176 flotus
629 4054 816 4170 universalis
838 4082 994 4177 Ecclefic,
1020 4096 1058 4153 ut
1072 4096 1163 4153 notut
1183 4080 1306 4153 Pauor.
1330 4086 1365 4153 in
1379 4102 1447 4167 cup.
1467 4088 1586 4176 ſsquis
1614 4087 1650 4155 in
1668 4100 1706 4160 6.

513 4192 577 4249 not.
593 4180 633 4248 de
643 4177 767 4269 Major.
778 4176 821 4259 ὅ
839 4178 973 4251 obedien.
1024 4178 1109 4251 ltont
1118 4198 1203 4249 neno
1218 4176 1350 4268 inferior
1362 4199 1384 4245 a
1394 4178 1489 4269 Papo
1501 4177 1597 4267 poteol
1607 4202 1706 4256 unatn

515 4276 700 4371 angulorum
714 4275 841 4368 cuudttn
859 4288 970 4350 contro
986 4274 1141 4347 curicon
1161 4272 1301 4367 delegere
1314 4270 1436 4365 Luieo,
1460 4274 1515 4347 vel
1528 4275 1654 4445 6an
1661 4278 1706 4361 ὅ

1648 4394 1705 4464 ,nco
