3959 5159
544 495 617 569 ret
747 464 1045 553 PRIMA
1101 460 1586 553 FUNDATIO

421 645 524 717 1520·
541 656 624 713 nete
639 635 798 713 Flandrie
815 658 879 732 per
894 621 1017 711 manns
1033 634 1251 715 Reddituarii
1274 630 1382 723 nostri
1408 631 1568 709 moderni
1588 638 1653 707 aut
1672 628 1726 705 fu·

542 734 613 807 turi
644 754 711 827 pro
738 748 899 827 tempore
924 731 1102 817 existentis
1119 732 1162 803 in
1185 732 1320 805 duobus
1345 729 1514 821 terminis.
1566 726 1728 829 Quorum
1815 730 1823 741 '

538 824 803 995 plrimusgritssin
819 824 908 937 festo
918 826 1079 995 esdaivoni?
1094 826 1255 993 ffioxime
1266 820 1614 993 ‚vemffii’ssefflldm
1638 842 1730 989 {effi

539 944 659 995 utrma
734 945 803 995 rrs
831 945 917 995 rmtn
999 940 1096 993 teu
1180 940 1304 993 uentis.
1430 940 1464 994 tc
1537 940 1617 991 tnce

538 1040 633 1092 anno
652 1016 691 1089 in
707 946 859 1107 sunum,
885 1039 930 1089 eo
947 947 1099 1089 maixime
1114 944 1208 1111 qirqod
1223 1012 1295 1109 ipse
1319 1011 1496 1089 confrater
1512 940 1731 1105 nosterppre·

430 1119 434 1126 “
537 1109 630 1185 fatus
652 1112 760 1207 longo
775 1128 937 1205 tempore
962 1110 1007 1181 de
1041 1110 1178 1206 gremio
1211 1106 1331 1183 nostro
1366 1107 1549 1201 capitulari
1574 1106 1733 1181 extiterit

466 1213 471 1222 ‘
537 1204 577 1280 ἃ
607 1204 762 1281 breviter
783 1204 901 1279 Nobis
922 1204 1115 1301 gratuitum
1140 1203 1319 1287 servitium
1353 1200 1541 1300 prestitetit
1565 1200 1631 1275 suis
1656 1203 1730 1299 qui·

539 1300 623 1376 dem
641 1300 832 1467 sumfitibus
847 1296 887 1375 δι
905 1300 1075 1394 expensis.
1125 1300 1166 1376 ln
1189 1300 1286 1394 cujus
1305 1300 1357 1373 rei
1377 1301 1482 1371 robur
1513 1295 1551 1371 &
1575 1296 1731 1375 testimo·

538 1394 636 1467 nium
658 1392 720 1491 figi
746 1414 803 1466 utn
837 1395 989 1488 Capituli
1018 1392 1126 1469 nostri
1153 1395 1205 1469 his
1236 1395 1451 1491 presentibus
1479 1394 1639 1467 duximus
1670 1416 1731 1488 ap·

385 1576 389 1585 Ι
536 1490 772 1585 pendendum.
820 1488 956 1562 Datum
988 1486 1029 1563 ἂ
1054 1488 1170 1563 aslum
1192 1491 1229 1563 in
1259 1491 1366 1563 domo
1392 1486 1508 1564 nostra
1543 1488 1731 1585 Capitulari

535 1607 630 1658 anno
652 1584 799 1657 Domini
813 1582 992 1655 millesimo
1035 1580 1287 1681 pingentesimo
1305 1583 1344 1663 dc
1367 1582 1536 1681 vigesimo
1562 1582 1619 1663 die
1644 1606 1731 1659 vero
1807 1660 1809 1665 .

536 1675 872 1776 vigesimasecunda
895 1608 1077 1777 Augusta
1467 1676 1472 1685 '
1536 1712 1542 1723 ·

707 1864 1281 2037 *CHARTA
1375 1940 1493 2039 XL.

891 2209 1029 2297 Cautio
1048 2214 1168 2324 super
1194 2212 1375 2344 abstsntia.
1430 2221 1435 2237 '

416 2530 520 2603 1520.
550 2453 686 2648 EGo
712 2461 903 2537 umarus
921 2463 1086 2631 Werlin&
1111 2463 1320 2558 Presbyter,
1345 2458 1431 2533 Divi
1448 2458 1564 2533 sanni
1588 2460 1734 2556 Joannis

649 2556 851 2631 Leodienfis
868 2580 1025 2630 necnon
1100 2554 1260 2631 Gloriose
1282 2556 1443 2650 Virginis
1469 2556 1585 2627 Marie
1617 2557 1736 2629 Gherr·

537 2654 697 2743 vlietensts
713 2651 964 2738 Ecclesium,
991 2650 1210 2737 Canonicus,
1227 2668 1352 2723 tenore
1375 2646 1544 2745 presentis
1560 2650 1734 2748 quogra·

538 2746 602 2843 phi
625 2766 732 2817 manu
748 2745 861 2819 aliena
890 2743 1033 2837 scripti3
1059 2740 1173 2815 fateor
1193 2742 1233 2817 ἃ
1249 2742 1438 2837 promitto,
1463 2744 1556 2841 quod
1575 2766 1646 2818 non
1674 2748 1733 2819 ob·

466 2927 469 2938 Ι
539 2840 652 2915 stante
668 2838 821 2913 absentia
836 2860 942 2927 mea,
968 2838 1013 2910 de
1030 2834 1112 2910 osso
1128 2838 1223 2912 libris
1238 2835 1432 2934 grossorum
1453 2836 1636 2913 occasione
1653 2862 1733 2934 pre-

538 2934 654 3011 bende
669 2956 749 3005 mee
764 2932 1024 3025 Gbeervlietraſss
1038 2932 1236 3029 hujusmodi
1251 2956 1272 3006 a
1287 2934 1556 3009 Venerabilibus
1570 2934 1733 3007 Dominis

539 3028 629 3101 meis
645 3026 795 3101 Decano
823 3024 862 3102 δι
878 3028 1039 3123 Capitulo
1056 3026 1143 3100 mihi
1175 3050 1287 3125 nuper
1311 3026 1462 3123 gratiose
1487 3026 1670 3121 concesi'a,
1696 3028 1733 3102 in

539 3141 710 3198 eventum
726 3141 844 3198 tamen
859 3122 884 3195 si
902 3121 1101 3218 hujusmodi
1118 3122 1318 3211 Prebende‚
1346 3126 1438 3218 quod
1455 3126 1552 3197 Deus
1570 3140 1732 3215 avertat,

538 3216 693 3294 notabile
708 3231 911 3313 paterentur
926 3218 1091 3291 damnum
1109 3239 1172 3311 per
1187 3218 1399 3292 alluvionem
1421 3216 1554 3293 scilicet
1569 3240 1735 3313 aquarum

540 3311 714 3402 natalias,
739 3311 779 3385 ἅ
799 3311 983 3409 presertim
999 3311 1024 3395 s
1043 3312 1144 3408 super
1172 3310 1338 3386 frusiibus
1360 3314 1559 3408 hujusmodi
1583 3314 1734 3389 Preben·
1830 3314 1848 3326 ‘

540 3411 663 3484 darum
677 3407 838 3504 prelibati
858 3407 1001 3480 Domini
1017 3408 1087 3481 mei
1113 3430 1177 3502 pro
1205 3408 1425 3504 temporein
1449 3408 1634 3482 residentia
1661 3409 1734 3481 exi·

540 3503 688 3590 stentes,
713 3501 940 3598 imposterum
958 3500 1114 3577 absentia
1129 3524 1208 3574 mea
1226 3520 1408 3589 currente,
1435 3503 1495 3578 via
1508 3506 1604 3601 regia
1623 3503 1680 3576 vel
1700 3528 1735 3579 a·

540 3600 602 3674 lias
621 3595 892 3694 astringerentur
909 3596 969 3670 seu
987 3596 1280 3691 compellerentur
1304 3596 1348 3671 ad
1370 3619 1502 3670 novam
1530 3596 1736 3672 strus'turam

541 3694 602 3769 seu
615 3692 876 3804 reparationem
892 3692 993 3766 chori
1008 3690 1078 3781 sui,
1104 3710 1188 3762 tunc
1205 3691 1287 3762 illud
1315 3684 1401 3763 mihi
1441 3693 1479 3766 in
1507 3711 1579 3765 tem
1606 3715 1668 3764 ore
1694 3690 1735 3763 sr-

567 3788 747 3863 nisicantes
764 3786 824 3861 seu
837 3787 1058 3875 intimantes,
1087 3785 1187 3859 datur
1205 3788 1305 3882 optio
1324 3786 1381 3858 vel
1401 3807 1564 3861 reverter
1589 3788 1600 3859 l
1620 3786 1662 3859 ad
1678 3808 1735 3859 re·

540 3813 723 3959 fidentiam
744 3886 802 3956 vel
826 3880 1074 3955 contribuendi
1097 3881 1133 3954 in
1158 3878 1355 3977 hujusmodi
1387 3880 1546 3981 expensis
1570 3904 1591 3955 e
1613 3882 1737 3956 naliter

541 4003 625 4055 cum
648 3979 777 4053 ceteris
800 3976 984 4066 Dominis,
1017 3976 1119 4072 juxta
1141 3978 1370 4074 quantitatem
1392 3976 1564 4073 portionis
1588 3904 1737 4073 stigmo-

541 4098 619 4146 rum
637 4097 702 4167 pro
716 4070 935 4148 demassione
949 4070 1011 4145 seu
1026 4071 1258 4147 diminutione
1281 4072 1479 4167 hujusmodi
1500 4070 1632 4144 summe
1652 4068 1737 4145 osso
1774 4114 1781 4123 ·

542 4170 718 4242 librarum.
767 4170 814 4241 lit
828 4167 898 4243 hoc
914 4166 1003 4242 teste
1029 4166 1126 4263 signo
1141 4188 1224 4241 meo
1243 4165 1395 4265 manuali
1415 4166 1474 4239 hic
1498 4162 1658 4261 apposito
1679 4166 1737 4239 die

541 4259 709 4359 vigesima
723 4260 849 4342 oslava
863 4260 992 4340 mensi
1013 4258 1163 4359 Augusti
1175 4282 1268 4338 anuo
1278 4259 1386 4357 supra
1401 4258 1619 4337 milefimutn
1638 4262 1738 4359 quin·

1651 4374 1738 4454 gen·
