3959 5159
468 390 565 583 p
684 460 1521 560 mmmmmmvo

273 682 283 708 κ
375 669 480 745 151²·
507 642 655 721 screven
688 644 765 719 hier
790 665 861 719 van
891 662 929 717 te
961 642 1093 719 maken
1126 642 1217 716 ende
1239 658 1279 713 te
1305 637 1511 715 conficerem
1542 662 1608 715 cerr
1631 642 1713 721 oste

506 766 606 819 meer
635 740 842 814 instrument
878 740 955 815 oste
985 739 1240 815 instrumenten
1275 737 1383 811 indeu
1423 736 1536 812 bester
1566 760 1707 817 vorme.

507 837 699 915 Gheschiet
714 856 825 934 opten
838 837 936 933 jaer,
962 836 1129 927 indietie,
1156 832 1475 933 daghe,mueude,
1494 836 1708 915 Paeuodomo

506 934 599 1011 ende
621 932 754 1031 plaetse
769 935 818 1009 als
842 938 961 1008 boven
986 936 1023 1007 in
1041 934 1079 1030 je
1106 929 1341 1005 enwoirdicht
1364 952 1434 1004 van
1457 930 1604 1007 Heeren
1633 938 1710 1027 Jan

507 1032 737 1127 Wllemsens,
762 1030 812 1105 als
835 1025 1041 1127 bestekynt,
1118 1050 1178 1103 eer
1207 1028 1349 1101 Cornelis
1373 1024 1531 1099 Gheeritz
1559 1030 1706 1105 Prieste·

507 1150 572 1202 ren
589 1184 602 1219 ,
627 1130 741 1201 Pioter
754 1129 808 1201 die
821 1130 938 1219 Nayer
953 1127 1045 1201 ende
1060 1120 1166 1199 Koffe
1182 1122 1345 1221 Jansenr,
1370 1142 1538 1220 porteren
1560 1126 1622 1202 der
1638 1125 1707 1200 ste·

505 1225 552 1298 de
580 1246 651 1298 vau
691 1223 875 1298 Gbeeruliet
888 1276 903 1311 ,-
934 1221 1165 1321 ghetuyghen
1198 1218 1275 1294 hier
1302 1238 1364 1293 toe
1402 1242 1581 1319 geroepen
1614 1224 1708 1299 endo

504 1320 677 1419 gebeden.
729 1322 785 1395 Sic
800 1320 858 1411 [ub
868 1320 953 1412 plica
962 1320 1131 1416 scriptum.
1182 1318 1228 1391 Et
1249 1336 1318 1414 ego
1340 1320 1503 1391 Cormlr'ns
1520 1318 1609 1393 filius
1632 1324 1704 1394 Ni·
1815 1380 1822 1387 .

502 1418 586 1488 colai
607 1414 763 1491 Clericus
795 1413 1033 1513 Trajeuenus
1064 1410 1267 1511 Dyocefis,
1300 1410 1405 1487 sacris
1432 1412 1636 1512 Apostolica
1660 1414 1702 1492 ἃ

501 1508 958 1606 tmperiauauuoritatibus
975 1510 1147 1586 Notarius
1174 1510 1352 1607 publicus,
1378 1526 1483 1609 atque
1503 1510 1706 1587 Venerabi-

501 1605 589 1703 irum
611 1608 850 1681 Dominorum
866 1608 1006 1682 Decani
1029 1605 1069 1681 dt
1090 1605 1241 1703 Capituli
1262 1604 1419 1680 Ecclesre
1439 1606 1705 1707 Gheerulierenfis

501 1700 672 1800 precudiae
691 1702 804 1793 sciba,
829 1703 910 1800 quia
929 1700 1131 1799 preinsertis
1158 1702 1348 1777 amicabilis
1373 1702 1622 1779 conventionis
1644 1726 1716 1801 ceg

501 1797 652 1897 terisque
678 1799 752 1873 aliis
774 1796 813 1873 dt
842 1792 982 1897 {iugulis
1013 1798 1098 1874 dum
1126 1794 1234 1872 ficut
1261 1798 1479 1895 premittitur
1504 1798 1635 1874 fierent
1658 1799 1701 1876 dt

500 1912 691 1990 agerentur
711 1895 781 1970 und
800 1916 883 1969 curn
899 1894 1084 1970 antedictis
1101 1893 1245 1997 testibus
1260 1894 1401 2003 presens
1415 1894 1558 1971 interfui
1570 1920 1702 2065 ,capue

350 2011 355 2023 ‘
499 1990 621 2066 omnia
643 1988 683 2064 ἃ
705 1986 835 2091 ringula
859 1988 907 2066 fic
933 1990 1013 2066 fieri
1034 1986 1165 2065 vidi&
1189 1989 1334 2081 audivi,
1360 1990 1440 2066 ideo
1461 1991 1498 2067 in
1513 1992 1606 2069 hauc
1643 2016 1700 2067 or·

497 2106 594 2159 mam
620 2086 784 2184 redigens
808 2086 879 2161 hoc
909 2086 1091 2183 publicum
1116 2082 1386 2161 instrumentum
1417 2110 1522 2165 manu
1554 2088 1703 2199 propria

400 2230 407 2239 ·
498 2180 668 2280 scriptum
689 2184 819 2258 exinde
845 2180 1007 2276 confeci,
1035 2182 1104 2259 uni
1129 2204 1212 2257 cum
1233 2182 1501 2259 Venerabiiium
1523 2184 1703 2259 Dummo-

498 2298 578 2352 rum
594 2279 639 2355 de
660 2280 822 2378 Capitulo
838 2276 879 2354 dt
904 2278 949 2354 de
964 2278 1072 2375 opido
1089 2272 1204 2373 figillit
1226 2276 1413 2373 appenfis,
1439 2278 1462 2350 ii
1514 2300 1606 2375 oque
1625 2302 1700 2355 ma·

492 2372 566 2470 jori
586 2370 626 2449 uz
654 2378 799 2452 nomine
822 2376 911 2449 meis
923 2372 1030 2449 solitis
1049 2372 1089 2449 ἃ
1110 2370 1284 2447 consuetis
1300 2370 1433 2469 fignavi
1456 2300 1698 2470 &subscripfi

497 2469 534 2544 in
558 2470 716 2548 veritatis
743 2474 854 2549 fidem
891 2469 932 2549 ἃ
963 2466 1205 2547 testimonium
1235 2472 1394 2544 omnium
1415 2466 1455 2543 ἃ
1484 2468 1698 2639 ῦηὲυἱοῐυπι

493 2564 739 2664 premissorum
762 2587 905 2668 rogatus
933 2564 974 2644 ἀ
1004 2564 1197 2669 requifitur.
1245 2568 1297 2641 Et
1311 2570 1495 2665 figuratum:
1560 2588 1611 2640 or.
1636 2566 1697 2643 De

403 2670 407 2677 '
495 2660 697 2740 Gherviiet.

585 2903 1590 3027 cunnrnxmm

493 3200 609 3313 Copia
630 3201 926 3305 Conficltationis
941 3196 1164 3289 Reverendo·
1178 3199 1343 3282 Domi
1363 3200 1548 3314 Philippi
1569 3202 1700 3316 Nigri

563 3316 797 3401 Cancellarii
821 3316 950 3399 Aurei
976 3316 1148 3396 Velleris
1173 3308 1387 3417 Coufilrarii
1413 3315 1508 3423 Ces:
1528 3317 1619 3400 Ma.
1816 3320 1824 3333 “

746 3436 869 3539 super
890 3424 1039 3539 duplici
1048 3427 1142 3537 jure
1158 3421 1427 3532 Institutionis.

560 3774 564 3780 ,
589 3690 679 3767 Asus
702 3691 773 3781 est,
802 3692 967 3783 eranncs
987 3690 1170 3781 Leflenm'er
1194 3689 1425 3766 Sacratiffime
1449 3690 1597 3766 Cesaree
1626 3690 1687 3763 M.

612 3790 687 3864 Dni
701 3790 810 3866 nostri
824 3788 1086 3865 Clementiffimi
1104 3786 1314 3887 Organista‚
1340 3788 1492 3863 existens
1520 3789 1556 3861 in
1572 3788 1689 3860 Rotu-

484 3891 519 3965 Io
548 3887 652 3987 super
682 3888 925 3963 collationibus
950 3888 1211 3986 prebendarum
1236 3884 1282 3959 de
1313 3886 1528 3969 utamur,
1562 3882 1689 3957 intelli·-

482 4008 568 4083 gens
602 3986 819 4083 prebendam
853 4008 959 4062 unam
999 4002 1216 4074 vacantem,
1250 3980 1460 4078 procuravit
1487 3978 1685 4055 decadem

482 4085 614 4180 Georgia
632 4084 814 4179 Lestenm‘er
829 4104 1001 4181 germano
1018 4082 1078 4156 suo
1096 4078 1298 4177 provideri,
1325 4076 1452 4151 litteris
1474 4076 1624 4171 desuper
1646 4074 1686 4149 in

481 4181 714 4257 convenienti
734 4180 850 4257 forma
871 4178 1059 4276 expeditis.
1110 4176 1268 4252 Prefatus
1285 4176 1436 4271 Georgius
1453 4174 1492 4247 in'
1512 4171 1679 4269 Capitulo

481 4275 527 4352 de
542 4277 730 4357 Gbeerulr'et
753 4300 819 4378 per
844 4276 883 4353 se
900 4294 961 4409 aut
985 4290 1257 4373 procuratorem
1280 4290 1516 4369 comparens,
1542 4271 1690 4445 psstgffiid
