3959 5159
571 498 652 604 m
797 420 1611 601 Jnuuanrut

762 674 799 735 te
820 662 881 761 xij.
903 658 1035 741 Reueu
1057 656 1218 759 &tertia
1232 678 1334 771 parto
1353 658 1542 747 institutit
1617 718 1620 725 .

746 776 762 830 t
776 756 822 832 de
836 756 891 833 hir
907 756 998 835 fiunt
1012 775 1084 839 tres
1097 778 1289 835 memortae.
1305 756 1560 834 videlicetm

714 850 774 929 hic
796 877 879 930 cum
902 856 1007 931 tertia
1030 873 1131 949 parte
1163 850 1337 927 ditiorum
1369 856 1556 930 bonorum.

716 954 800 1025 Alio
826 950 933 1029 tertia
965 949 1120 1046 Januarii
1152 948 1320 1023 videlicet
1356 952 1452 1021 Dino
1488 948 1560 1025 filia

715 1045 859 1143 Joannis
891 1047 1090 1121 Molenaer.
1149 1042 1196 1117 Et
1226 1050 1325 1117 tertia
1356 1043 1467 1138 xxvij.
1492 1044 1557 1116 Fe·

716 1140 866 1231 bruarii,
898 1158 939 1215 ut
964 1138 1055 1215 infra
1080 1138 1117 1211 in
1144 1140 1317 1215 memoria
1340 1136 1557 1237 Margaretae

715 1236 834 1309 uxoris
849 1234 994 1331 Joannis
1014 1234 1213 1311 Molenaer.
1264 1232 1364 1311 Facit
1385 1234 1423 1311 in
1447 1234 1555 1333 quali·

719 1333 781 1405 bet
794 1330 1044 1433 memonaxv.
1067 1329 1145 1405 stus.
1162 1351 1208 1406 en
1222 1330 1298 1427 viij.
1317 1332 1431 1407 deuta.
1489 1362 1493 1371 ·
1586 1334 1634 1389 ¹¹
1710 1314 1756 1395 st·

1635 1342 1686 1394 u.

565 1440 610 1513 16
647 1447 675 1518 Β
764 1444 871 1521 Anno
905 1444 979 1519 Dni
1013 1466 1051 1518 u.
1088 1466 1187 1527 cccc,
1218 1462 1326 1527 xxxv.
1361 1442 1449 1520 obiit
1481 1428 1558 1521 Dor
1586 1436 1623 1489 ¹·
1647 1343 1684 1489 ‘d

717 1543 863 1615 Alardus
893 1560 1087 1639 perpetuus
1109 1538 1285 1619 Vicariua·
1307 1540 1408 1639 hujus
1430 1538 1555 1643 Eccle-

715 1632 790 1726 stae,
815 1636 875 1738 qui
890 1637 1023 1735 legavit
1040 1634 1201 1731 capituto
1211 1656 1316 1709 unam
1326 1637 1448 1714 libram
1456 1636 1553 1718 Holt

714 1730 818 1831 super
847 1735 995 1810 domum
1024 1728 1239 1809 combustam
1268 1736 1303 1805 in
1326 1736 1365 1805 de
1397 1732 1559 1828 Vifflberr

714 1830 796 1919 zydr
811 1830 869 1905 dat
890 1833 977 1905 Hert
994 1830 1087 1902 Clari
1105 1848 1174 1924 pryr
1193 1848 1276 1901 oras.
1309 1829 1406 1901 Daer
1420 1834 1448 1902 is
1469 1827 1557 1902 recht

713 1926 877 2021 ofgedaen
890 1927 980 2001 dalle
999 1940 1070 2014 nyet
1086 1946 1184 2020 given
1199 1946 1237 1995 en
1247 1924 1304 2013 sel,
1344 1922 1553 2019 Incipiendo

711 2040 807 2091 anno
831 2041 943 2111 1520,
969 2016 1168 2115 computati
1190 2016 1333 2093 fuerunt
1355 2018 1432 2097 duae
1459 2018 1554 2096 librae

711 2114 809 2196 Holt
829 2114 949 2220 Quare
965 2113 1035 2189 hic.
1583 2168 1666 2223 m·
1685 2148 1729 2225 st
1874 2165 1879 2180 r

761 2232 870 2305 Anno
908 2254 948 2306 tr.
990 2258 1090 2319 cccc.
1133 2252 1284 2323 turtur.
1323 2232 1412 2310 obiit
1451 2218 1553 2312 Dn'ffr

711 2332 877 2413 Corrtelios¹
889 2330 985 2422 filius
1009 2334 1171 2420 Henrici,
1197 2327 1372 2425 quondam
1396 2328 1550 2425 Capelia-

709 2446 779 2513 nus
792 2424 902 2537 hujus
921 2414 1089 2502 Eccle'iiae
1110 2483 1121 2518 ,
1156 2424 1216 2523 qui
1237 2423 1369 2521 legauit
1393 2423 1549 2519 capitulo

495 2603 499 2619 ¹
709 2544 815 2599 unam
834 2522 893 2598 hb.
919 2520 1016 2595 Holl.
1041 2524 1135 2599 inter
1157 2516 1345 2619 praesentes
1373 2520 1549 2615 aqualiter
1683 2598 1686 2614 ¹

557 2688 562 2695 .
708 2618 952 2692 dividendam.
1004 2618 1046 2689 In
1075 2616 1219 2708 antiquo
1241 2618 1331 2687 libro
1353 2616 1549 2701 Memoria·

705 2730 784 2882 rur}
796 2710 964 2875 ἐιαῗωτ.
1015 2712 1201 2805 Affecaral.
1214 2708 1314 2801 super
1334 2712 1417 2797 xlix.
1431 2726 1551 2817 grmetr

705 2832 740 2881 tn
781 2828 878 2882 cu.

554 2903 672 3084 17³0
752 2900 839 2976 Hoc
872 2880 936 2969 die
957 2893 1011 2973 est
1037 2892 1165 2977 festum
1191 2896 1426 2996 compositum
1441 2900 1547 3079 893

590 3174 664 3275 (ro)
683 3173 801 3259 sellum
826 3177 1036 3268 rompofitttm)
1064 3180 1291 3267 appetimus,
1310 3182 1405 3265 quod
1428 3196 1509 3251 anan
1534 3182 1751 3257 solemniore

546 3262 635 3339 ritu,
653 3260 690 3328 td
712 3260 762 3328 eii
779 3282 862 3333 curn
875 3266 1033 3349 pleniore
1047 3280 1170 3342 cantu,
1190 3283 1270 3331 curn
1285 3267 1414 3351 majore
1442 3268 1736 3353 compulsatione,

547 3347 584 3414 dt
599 3348 648 3413 lar
671 3346 745 3411 iore
759 3364 840 3415 cunr
855 3350 1103 3424 retributione,
1123 3348 1181 3415 seu
1200 3348 1433 3416 distributione
1448 3352 1540 3418 inter
1556 3351 1743 3435 praesentes
1883 3404 1895 3437 ,

547 3365 785 3510 Choniocios,
806 3432 864 3529 ῆι,
885 3432 987 3517 quim
1003 3432 1069 3499 alia
1089 3430 1190 3509 festa,
1212 3448 1289 3513 quae
1308 3450 1373 3516 per
1386 3434 1638 3505 hebdomadam
1649 3438 1739 3507 flunt

546 3514 667 3597 equali
683 3514 817 3597 semper
832 3530 924 3592 rrtu,
943 3529 1075 3593 cautu,
1097 3514 1213 3601 pulsu,
1234 3512 1271 3581 &
1293 3532 1374 3583 curn
1388 3519 1572 3599 aeqmtibus
1588 3538 1631 3589 ac
1646 3521 1742 3589 ordi·

542 3598 648 3665 uariis
665 3596 981 3683 distributionibua3
1001 3596 1311 3746 qnassdicas:1sessa
1326 3619 1368 3666 ex
1383 3602 1513 3685 pleniore
1526 3608 1590 3668 rim
1611 3604 1646 3675 ts
1661 3623 1742 3669 mer·

541 3680 608 3749 tede
626 3678 792 3767 compofito.
831 3682 941 3751 Porro
955 3682 1095 3767 plenior
1114 3672 1171 3748 ilia
1187 3680 1224 3747 so
1237 3683 1382 3749 emnitaa
1396 3682 1433 3753 dt
1454 3704 1590 3755 merces
1610 3706 1740 3771 prove·

542 3767 597 3834 nit
620 3784 666 3835 ex
687 3766 829 3851 privatio
852 3766 912 3835 seu
928 3768 1145 3834 clericorum
1166 3762 1223 3831 seu
1250 3764 1437 3835 Laicorum
1460 3768 1744 3851 fundationibua,

539 3851 601 3936 qui
620 3870 666 3923 ex
683 3850 819 3936 priuata
837 3850 1026 3918 devotione
1047 3867 1127 3934 erga
1143 3846 1304 3919 Sanstutn
1324 3862 1512 3935 patronum
1537 3855 1745 3933 tutelarem„¹

536 3937 658 4023 cujus,
677 3934 738 4001 vel
752 3950 879 4003 nomen
902 3950 1051 4019 gerunt,
1068 3933 1126 4001 vel
1141 3932 1378 4003 intercessione
1389 3935 1596 4005 beneficium
1613 3954 1633 4004 a
1654 3938 1737 4007 Deo

538 4020 720 4088 consecuti
733 4017 825 4095 suut,
844 4020 903 4087 uel
926 4036 1009 4103 erga
1030 4034 1133 4103 quem
1156 4016 1354 4103 specialiter
1376 4018 1593 4095 afficiuntur,
1615 4018 1738 4091 Testa·

538 4117 662 4169 mento
675 4103 735 4171 vel
754 4102 861 4171 etiarn
876 4101 1065 4171 donatione
1083 4102 1301 4185 relinquunt,
1322 4102 1415 4169 unde
1431 4102 1539 4186 maj0r
1561 4100 1599 4171 dt
1621 4100 1738 4191 sump-

539 4184 668 4252 tuosior
683 4188 770 4254 ritur
793 4186 1013 4265 adhibeatur,
1045 4184 1083 4254 δι
1113 4185 1292 4253 ordinariis
1319 4200 1361 4253 ao
1387 4184 1558 4253 consueris
1579 4183 1739 4257 distribu-

534 4268 686 4336 tionibus
705 4271 914 4354 quotidianis
931 4266 1178 4355 superaddatur
1204 4264 1354 4419 aliguid
1374 4285 1426 4341 ex,
1451 4282 1520 4350 quo
1541 4265 1738 4345 Chorisocii

532 4352 716 4423 alacriores
745 4353 933 4425 reddantur
969 4354 1014 4422 rd
1045 4350 1252 4439 frequentur
1278 4367 1336 4419 utu
1372 4347 1523 4421 officium
1554 4354 1734 4525 divitffl
