3959 5159
323 428 656 583 centrum
687 487 1295 587 otunvuturunsrs.
1355 524 1429 583 ιη

238 662 287 737 do
301 633 502 739 continuam
516 664 649 762 primur
665 645 861 740 &ultimus
876 665 913 741 in
933 667 1052 742 Choro
1073 690 1155 744 meo
1174 668 1343 763 existam,
1359 644 1422 747 Di·
1452 697 1555 773 ¹517·

238 759 322 834 vina
334 760 604 856 augmentando.
621 800 627 807 ·
654 760 887 835 Nisi-mecum
903 786 923 834 a
944 764 1109 859 Capitulo
1127 788 1207 857 meo
1229 764 1424 841 fueritcha·

237 854 378 929 ritative
401 854 645 953 dispensatum.
694 855 754 929 Sic
775 878 835 929 nte
857 859 956 933 Deua
975 861 1077 958 juvet
1099 859 1139 935 ut
1165 884 1290 939 omnes
1313 863 1430 939 Sanlli

130 952 134 963 '
239 949 324 1046 ejus.

454 1201 456 1206 -
547 1143 825 1252 Juramentam
852 1146 1127 1229 Canonicornm.

328 1346 389 1423 Go
421 1346 474 1419 N.
507 1346 608 1443 hujur
631 1344 850 1430 Venerabilis
876 1346 1030 1449 Ecclelie
1050 1350 1250 1431 'Beatillime
1276 1356 1436 1457 Virginis

353 1443 478 1538 Mariq
500 1441 725 1531 Canonicua',
738 1440 822 1535 juro
835 1465 901 1544 per
922 1444 1041 1517 Deum
1063 1448 1123 1545 qui
1152 1470 1209 1525 me
1235 1458 1370 1529 creavit
1394 1454 1434 1537 ἃ

238 1538 304 1615 ibo
344 1536 447 1611 sacro
470 1537 646 1647 languine
666 1536 850 1626 redemit,
894 1541 1041 1613 Decano
1073 1564 1154 1616 meo
1177 1548 1361 1643 separatim
1391 1576 1436 1625 ac

239 1634 389 1725 Decano
407 1631 446 1705 dr
467 1632 629 1728 capitulo
649 1631 907 1723 reverentiam,
932 1636 1171 1715 obedientiam
1193 1662 1296 1741 atque
1321 1646 1431 1721 fideli·

239 1744 369 1816 tatem,
394 1722 558 1801 fratribus
581 1724 668 1799 meis
682 1746 841 1800 amorem
866 1746 969 1826 atque
989 1731 1233 1829 dilellionem,
1258 1740 1433 1817 fructuum

241 1821 437 1898 nostiomm
468 1840 573 1920 atque
595 1819 806 1895 solutionum
833 1825 1042 1900 eorumdem
1073 1834 1306 1929 equalitatem.
1359 1842 1434 1913 Sta-

242 1938 398 1993 tutorum
437 1936 544 2017 atque
586 1912 852 2009 fundationum,
892 1920 1196 2001 consuetudinum
1217 1930 1437 2010 laudabilium

243 2014 392 2113 Capimlr
400 2012 532 2105 nostri,
557 2010 833 2105 observantiam,
854 2015 951 2111 jura,
964 2017 1223 2115 jurisdictiones
1240 2027 1279 2103 dc
1297 2030 1435 2105 liberta-

241 2127 294 2193 tes
308 2106 443 2186 nost'rar
456 2109 666 2197 defendere,
689 2109 782 2182 bona
811 2132 882 2183 nou
898 2113 1088 2190 alienaret
1102 2115 1250 2205 alienata
1273 2120 1346 2199 live
1368 2126 1434 2203 dis·

243 2200 356 2277 rraeba‘
378 2217 607 2303 recuperare,
629 2205 775 2279 Secreta
792 2206 941 2303 Capituli
965 2208 1075 2285 nostri
1090 2214 1160 2287 noir
1174 2218 1351 2313 revelare,
1367 2244 1436 2301 nec

241 2310 401 2374 murmur
416 2323 476 2378 aut
492 2301 737 2377 contentiones
752 2302 843 2377 inter
862 2304 1070 2392 confratres·
1087 2330 1185 2385 mcor
1209 2313 1343 2389 facere:
1375 2318 1437 2395 sed

241 2396 526 2492 concordiam&
545 2398 614 2495 q'ue
640 2394 686 2468 ad
712 2416 840 2491 pacem
861 2398 942 2472 lunt
964 2418 1052 2476 toto·
1068 2402 1167 2499 polle
1186 2426 1268 2485 meo
1289 2434 1436 2508 querere

242 2490 383 2564 servare
396 2511 502 2588 atque
527 2490 674 2569 nutrire.
725 2491 783 2567 Sic
811 2514 869 2569 me
884 2494 982 2572 Deua
1001 2498 1147 2594 adJuvet
1168 2500 1207 2579 cit
1227 2504 1295 2583 hec
1319 2508 1437 2603 santii

240 2583 542 2701 Deillvaugelia.

558 2779 835 2890 Juramerttum
862 2786 1117 2919 Verrinam.

330 2984 390 3061 Go
410 2980 460 3073 N.
481 2986 564 3085 juro
579 2968 644 3083 per
669 2989 788 3063 Deum
822 2989 882 3084 qui
910 3016 968 3069 me
991 2992 1156 3097 sanguine
1180 3002 1241 3081 l'uo
1262 3004 1432 3103 redemit,
1560 2978 1566 2989 ⁸

241 2980 332 3255 {j
352 3080 393 3157 ἂ
437 3101 475 3156 er
505 3084 573 3156 hec
603 3075 826 3183 Sacrolanlla
843 3086 914 3160 Dei
929 3092 1122 3191 Evangelia
1145 3122 1212 3194 que
1235 3122 1340 3175 manu
1356 3130 1434 3181 mea

257 3192 268 3203 “
303 3184 374 3268 ·ο’,
435 3196 644 3253 ecanomeo
665 3178 869 3277 separatim,
894 3208 937 3260 ac
953 3188 1103 3265 Decano
1121 3188 1336 3289 &Capitulo
1352 3223 1435 3271 con·

238 3263 303 3393 jun
340 3273 349 3290 '
404 3329 416 3366 ,
449 3276 704 3365 reverenciam,
736 3276 972 3361 obedientiam
996 3302 1101 3381 atque
1121 3284 1345 3381 fidelitatem,
1370 3292 1435 3368 sta·

244 3390 403 3463 tutorum
445 3387 550 3467 atque
570 3368 848 3463 fundationum,
888 3376 1178 3459 consuetudinum
1214 3382 1435 3467 laudabilium

239 3453 296 3556 ,Ua
323 3467 397 3539 iculi
418 3465 544 3556 nostri,
570 3481 611 3544 a'c
632 3469 792 3564 jurium,
822 3469 1104 3569 jurisdittionum
1128 3536 1139 3573 ,
1173 3478 1435 3561 &libertatum

238 3490 531 3653 ‘obfervantiam
561 3586 629 3640 nec
654 3581 817 3645 murmur
851 3586 913 3641 aut
939 3572 1184 3653 contentiones
1206 3575 1243 3651 in
1274 3576 1435 3679 Capitulo

240 3676 304 3731 aut
328 3658 451 3733 cobtra
484 3658 679 3753 Capitulum
711 3660 859 3753 facere,
891 3662 952 3739 sed
980 3668 1209 3751 concordiam
1230 3670 1270 3750 dt
1297 3704 1364 3777 que
1388 3680 1433 3757 ad

237 3765 371 3853 pacem
394 3752 671 3923 sunttotopolle
693 3762 779 3831 inco
802 3783 966 3857 querere,
993 3760 1131 3843 servare
1150 3788 1255 3871 atque
1278 3764 1432 3865 nutrite‘,

239 3846 283 3943 ‚dc
300 3848 508 3934 continuum
526 3851 561 3924 ei
578 3852 659 3925 dem
676 3856 802 3927 tamin
819 3857 929 3931 choro
944 3882 1049 3955 quam
1066 3885 1186 3955 extra,
1212 3868 1251 3945 ἃ
1267 3892 1349 3941 cum
1374 3869 1438 3941 dil·

235 3941 410 4045 igentia,
435 3944 596 4043 prestabo
617 3947 802 4043 servicium
798 3950 916 4119 ⁶q'atrrrta
929 3952 1029 4061 polle
1048 3957 1085 4032 bt
1102 3960 1199 4035 nolle
1216 3984 1346 4039 meum.
1379 3963 1449 4043 Sic*

241 4060 300 4116 tue
316 4042 576 4150 Deuaadjuuer
589 4040 629 4122 cit
645 4043 713 4121 hec
728 4044 795 4119 san
867 4045 940 4120 Der
958 4048 1163 4153 Evangelia.
1430 4083 1434 4089 ·

1287 4366 1446 4448 CHAR-
