3959 5159
430 624 537 716 1376.
564 611 638 698 sum
659 624 814 702 nostrum
838 623 881 698 ad
909 623 979 698 hoc
1004 623 1181 700 adhibere.
1233 621 1314 698 Nor
1340 644 1429 695 vero
1468 619 1606 694 Divini·
1619 621 1761 702 Amoris

564 721 695 794 cultum
717 745 753 794 m
775 721 899 794 nostris
916 721 1072 815 partibus
1088 721 1310 814 inquantum
1332 715 1508 813 poffumua
1531 738 1761 814 augmentare

565 818 603 892 ἃ
619 817 809 890 restaurare
825 819 1003 906 volentes,
1029 821 1076 892 ob
1092 815 1258 890 humilem
1276 813 1567 982 supplicationem
1585 813 1667 888 dicti
1686 822 1759 894 Do·

566 915 654 986 mini
671 915 824 986 Zwederr'
845 912 1096 1008 consanguinei
1119 910 1226 984 nostri
1251 912 1317 984 dtle
1354 912 1386 998 i,
1412 909 1521 983 dietas
1544 910 1628 1008 sepe
1653 913 1761 989 Vica-

565 1009 634 1100 rias
660 1007 695 1079 in
721 1010 918 1086 Prebendas
944 1006 1100 1082 Ecclesre
1122 1007 1385 1100 Gheervtierenſss
1411 1030 1493 1080 cum
1515 1007 1757 1103 Prepofirura,

566 1103 602 1174 T
604 1103 820 1194 hesauraria,
845 1104 884 1180 &
898 1103 1125 1190 scholastria,
1151 1103 1359 1176 omnimodo
1394 1121 1502 1196 prout
1524 1102 1678 1177 indietis
1705 1108 1759 1180 tit·

537 1203 540 1212 '
564 1199 647 1272 teris
668 1199 772 1295 ipiius
797 1199 943 1273 Domini
967 1200 1124 1272 Zwederi
1152 1200 1375 1286 continetur,
1411 1199 1680 1290 confirmamus,
1705 1225 1759 1277 ra-

563 1294 734 1370 tificamus
751 1296 791 1370 &
807 1295 1064 1388 approbamus,
1088 1293 1130 1368 ἃ
1144 1293 1351 1368 consensum
1370 1293 1527 1367 nostrum
1551 1295 1681 1370 adhoc
1698 1300 1758 1373 ad-

561 1389 731 1470 hibemus.
790 1389 1066 1486 Custodiasque,
1101 1391 1264 1480 scholas,
1304 1387 1451 1478 officia,
1484 1394 1676 1464 notariatus
1700 1393 1761 1468 seu

559 1482 805 1578 scriptoratus,
832 1485 1018 1580 pensronet
1035 1509 1118 1559 cum
1144 1485 1299 1559 Vicariis
1314 1484 1482 1582 predictis
1507 1486 1586 1580 ipsis
1609 1487 1760 1564 Preben-

559 1579 611 1652 dis
627 1581 766 1652 unimus
781 1579 821 1653 ἃ
835 1581 1125 1674 incorporamus,
1152 1580 1386 1654 decernentes
1401 1580 1544 1675 predia,
1570 1581 1703 1656 frustus
1718 1583 1760 1658 &

560 1675 626 1746 alia
647 1675 769 1770 quevis
786 1677 879 1750 bona
896 1677 939 1750 ad
959 1674 1088 1750 dietam
1106 1676 1273 1748 unionem
1289 1675 1349 1749 seu
1363 1677 1625 1750 Prebendarum
1642 1680 1758 1752 incor-

562 1770 786 1863 porationem
802 1770 838 1842 in
856 1772 978 1844 dotem
996 1772 1220 1868 affignamus‚
1247 1770 1272 1844 sr
1299 1771 1538 1847 Ecclesiastica
1562 1797 1635 1846 non
1658 1771 1758 1862 sunt,

561 1863 640 1935 fore
656 1863 923 1954 Ecclefiastica‚
948 1867 1091 1962 ipsaque
1107 1867 1152 1940 de
1175 1888 1297 1940 cetero
1324 1869 1564 1943 Ecclesiastica
1598 1869 1760 1944 libertate

560 1958 728 2054 gaudere.
779 1961 991 2036 Nostrarum
1011 1961 1211 2036 testimonio
1227 1965 1421 2037 litterarum
1440 1966 1561 2038 datum
1576 1986 1669 2036 anno
1685 1965 1761 2036 Do·

558 2053 845 2225 fflinimmillesrmo
869 2057 1117 2136 trecentesimo
1140 2059 1394 2156 septuagefimo
1410 2059 1509 2136 sexto
1531 2057 1656 2136 mensis
1665 2059 1762 2156 Junii

597 2173 618 2222 e
680 2169 774 2228 tima·

720 2391 1244 2490 onaara
1356 2388 1598 2525 a<p

723 2569 966 2744 Minnaratn
994 2632 1160 2742 Ecclefie
1184 2636 1232 2719 de
1257 2640 1475 2749 Portegale.
1534 2641 1596 2748 (a)

439 2915 541 2990 1350·
644 2863 764 2974 Ateat·
780 2860 946 2973 universrr
972 2860 1158 2956 presertim
1188 2887 1274 2960 quos
1292 2865 1447 3032 1presens
1471 2866 1562 2940 infra
1590 2865 1758 2976 scriptum

558 3039 563 3160 ζ
593 2960 1259 3151 0ctt?tbttttbmatbtat}
1281 2962 1758 3165 antemittit&

558 3153 876 3230 Archidiaconatus
904 3150 1079 3246 ejusdem,
1113 3151 1192 3224 vifis
1229 3149 1270 3226 &
1295 3151 1365 3224 dilh
1393 3173 1494 3227 enter
1532 3155 1756 3230 confideratis

560 3248 749 3336 fructibus,
776 3245 1006 3341 proventibus
1022 3245 1348 3323 &obventionibus
1365 3178 1521 3323 {celeste
1544 3249 1661 3323 nostre
1689 3252 1754 3324 Pa·

561 3345 721 3420 rochialis
741 3343 778 3415 in
809 3345 1028 3438 Poertegaele,
1055 3342 1372 3440 deliberationeque
1401 3347 1538 3434 habita,
1564 3349 1703 3418 Hemico
1718 3349 1757 3418 de
1810 3430 1813 3435 .

560 3437 746 3535 Portegaele
765 3437 896 3512 clerico
914 3459 978 3533 per
997 3461 1061 3514 nos
1077 3438 1278 3533 presentato
1295 3441 1339 3512 ad
1354 3460 1561 3534 perpetuam
1583 3442 1752 3516 vicariam

562 3537 601 3614 ἀ
620 3537 780 3632 regimen
797 3558 880 3606 cure
905 3533 1061 3628 ejusdem
1083 3533 1236 3608 Ecclefie
1251 3535 1460 3608 Parochialis
1476 3537 1521 3608 de
1550 3537 1754 3632 Portegaele‚

558 3657 626 3730 pro
643 3629 891 3708 sustentatione
920 3629 978 3705 sua
995 3633 1034 3708 δι
1049 3631 1123 3706 aliis
1138 3630 1300 3706 oneribus
1316 3631 1433 3705 eidem
1448 3630 1602 3708 Eccleiie
1614 3633 1750 3804 incpm·
1897 3685 1900 3692 -

1692 3750 1753 3802 en·
1899 3754 1900 3779 ÷

564 460 621 558 4⁶
716 426 1583 540 'rnrmnronoarro
1873 143 1899 1507 ἓ

1896 2514 1899 2589 t

1898 3138 1900 3239 t

1899 3341 1900 3405 t

481 3943 484 3952 ’
595 3944 632 4008 ,ι
674 3921 779 4006 Apud
796 3917 912 3986 Heutt.
932 3933 1011 4002 pag.
1033 3935 1108 4005 342.
1503 4000 1512 4014 ·
1650 4001 1658 4014 .

617 4025 635 4071 a
674 4005 780 4071 Hunc
797 4003 934 4068 titulum
950 4019 1021 4066 non
1041 3999 1198 4086 exprefflt
1215 3999 1437 4078 Heuffenius,
1456 4016 1534 4081 quta
1554 4015 1624 4065 non
1648 4001 1752 4067 intel·
1899 4034 1900 4073 1

560 4089 656 4155 lexit.
682 4088 866 4172 Miniflran’o
885 4088 957 4163 bic,
981 4085 1031 4152 est
1045 4087 1161 4171 portio
1183 4103 1334 4170 congrua
1347 4084 1403 4151 seu
1424 4084 1660 4166 competentia
1679 4086 1755 4166 (uti
1899 4090 1900 4093 ’

560 4171 664 4236 bodie
682 4171 875 4253 loquimur)
898 4171 1053 4254 parochi.
1095 4169 1183 4235 Haec
1208 4170 1310 4262 vocis
1334 4165 1533 4254 fignificatio
1562 4167 1749 4237 etiamnum
1899 4244 1900 4256 p

561 4254 771 4324 desideratur
785 4257 823 4324 in
845 4253 1012 4324 Gloffario
1030 4253 1077 4320 du
1094 4250 1229 4337 Cangit.
