3959 5159
367 539 435 608 n>
470 503 716 608 eninr
753 451 1359 608 omnutnrntumt.
1433 539 1469 632 9
1585 513 1588 521 ⁴

260 708 400 819 fariis.
466 707 527 790 Et
538 705 732 813 statuere,
767 701 872 816 quod
893 705 1081 788 vicanus
1114 702 1391 808 Geervlitensts
1411 697 1469 807 stt

272 821 443 929 deinceps
458 815 644 902 Decanus
665 813 942 920 Harnmenstn
972 817 1015 904 ὅ
1032 813 1091 921 stc
1105 815 1300 913 canonici,
1329 812 1371 901 Εὖ
1396 812 1470 897 atii

273 929 540 1042 dignitates&
556 927 675 1036 officia
691 926 867 1010 habentes
881 930 923 1008 in
954 927 1082 1010 eadem
1108 923 1304 1032 Ecclesta,
1327 920 1471 1038 finguli

272 1039 454 1126 videlicet
480 1041 603 1148 inflia
619 1038 862 1150 dignitate&
879 1036 1019 1122 ordine.
1073 1036 1166 1122 Itan
1196 1037 1253 1121 ud
1273 1035 1472 1122 Minoum

273 1157 319 1240 in
344 1155 524 1264 Diplom.
548 1171 608 1237 to·
639 1175 677 1247 3.
701 1173 792 1258 pag.
821 1173 917 1250 552.
945 1148 1088 1232 PIUS
1112 1147 1132 1233 1
1177 1213 1186 1232 .
1214 1173 1322 1234 anno
1349 1151 1471 1252 1560.

273 1264 372 1352 huic
386 1265 516 1373 Regis
541 1262 732 1372 petitioni
756 1283 962 1356 annuens,
993 1257 1231 1368 Capitulum
1255 1257 1473 1345 Geervlie·

276 1375 391 1460 tense
408 1371 606 1458 transtulit
622 1365 888 1462 Harlemum.
916 1393 991 1478 pet
1008 1365 1190 1468 Bulltm,
1218 1391 1311 1477 quae
1330 1368 1474 1480 impius

278 1485 393 1571 edita
411 1481 539 1568 videri
561 1481 692 1590 potest
709 1481 818 1590 apud
836 1478 1033 1564 Miraeum
1052 1482 1124 1562 cit.
1146 1497 1248 1563 tom.
1279 1506 1314 1560 ι.
1333 1509 1355 1566 a
1382 1493 1476 1592 pugi

77 1705 89 1714 ⁸
279 1621 376 1704 797.
391 1591 497 1704 apud
511 1587 708 1676 Heulsen.
724 1594 767 1676 in
783 1587 892 1674 Hill.
905 1587 1039 1700 Episc.
1060 1585 1317 1677 Harlemens.
1333 1613 1424 1701 pag.
1434 1620 1478 1698 4.

332 1706 431 1791 Non
461 1703 533 1788 diu
556 1699 665 1787 stetit
690 1698 897 1786 Harlemii
922 1699 1234 1787 Canonicorum
1259 1699 1477 1792 Geervlie·

277 1813 451 1902 tenfium
465 1813 725 1924 Capitulum,
748 1809 832 1918 jum
848 1810 1098 1899 cathedrale
1114 1807 1290 1909 fotium,
1322 1835 1478 1904 mutatu

78 1993 79 2008 l
169 1963 173 1968 ·
279 1927 377 2016 'nem
463 1924 596 2012 statim
656 1951 701 2010 er
734 1921 1003 2012 Holltndinm
1036 1925 1258 2034 religione,
1287 1922 1332 2009 δι
1367 1939 1478 2012 tuno

279 2057 365 2143 ‘157
398 2102 408 2121 .
435 2033 522 2148 ipso
541 2037 609 2123 die
626 1950 730 2122 icto
748 2037 816 2118 SS.
833 2033 1112 2129 sacramenti,
1135 2039 1210 2148 qui
1230 2038 1275 2120 iu
1294 2063 1364 2141 29.
1378 2039 1479 2147 Mtji

284 2151 456 2247 incidit,
480 2143 582 2234 fasta
605 2151 649 2236 in
669 2143 897 2236 Ecclesium
918 2147 988 2234 seu
1019 2149 1220 2258 templum
1247 2147 1287 2231 S.
1309 2147 1481 2240 Btvonis

283 2264 535 2371 irruptione,
548 2257 680 2370 fugati
696 2256 785 2346 suut
801 2257 1028 2372 Episcopus
1043 2285 1096 2343 uc
1110 2259 1339 2350 canonici.
1359 2287 1481 2352 num·

283 2397 407 2484 quam
444 2370 640 2483 deinceps
669 2372 846 2458 adunati.
908 2373 1015 2458 Dein
1040 2372 1271 2483 proscripto
1291 2371 1481 2463 Catholi-

287 2509 350 2568 cae
384 2481 592 2588 reltgionis
622 2483 790 2591 publico
825 2487 1027 2571 exercitio
1060 2483 1232 2587 collapsa
1268 2479 1327 2562 en
1362 2485 1479 2569 sedet

282 2591 556 2702 Episcopniis,
581 2616 787 2699 omneque
804 2595 1043 2704 capitulum.
1538 2611 1544 2623 '

137 2719 152 2742 ·
311 2701 411 2790 'Ad
446 2694 774 2790 conservandam
816 2704 969 2791 horum
1015 2707 1258 2790 memoriam
1311 2699 1481 2791 exhibet

285 2809 590 2900 Heuffeniusitt
607 2808 715 2899 Hist.
740 2811 876 2926 Episc.
902 2813 1048 2926 Ultrtj.
1075 2841 1168 2927 pag.
1199 2837 1292 2919 34¹·
1333 2806 1482 2928 qitem·
1639 2833 1643 2850 ¹

285 2925 380 3019 dam
400 2922 712 3013 canonicorum
727 2925 985 3038 catalogum.
1041 2927 1194 3016 Adfert
1213 2925 1482 3039 Praeposuum

285 3058 446 3134 unum,
484 3036 675 3124 Decanos
706 3032 821 3132 osto,
868 3039 911 3124 n
944 3039 1181 3126 Canonicos
1214 3041 1483 3149 quadraginta
1603 3064 1607 3073 ’
1784 3056 1788 3064 “

287 3145 405 3232 duos.
460 3143 555 3258 Ego
570 3147 671 3236 dum
691 3147 771 3234 hoc
791 3147 1035 3238 Chattultre
1050 3174 1250 3263 percurro
1267 3177 1315 3233 ac
1335 3175 1483 3237 necto·

286 3257 443 3366 logium
470 3257 588 3368 lego,
614 3265 750 3370 reperi
771 3264 903 3349 multo
927 3265 1085 3376 plures,
1113 3286 1220 3374 quos
1244 3260 1392 3346 eadem
1420 3267 1482 3352 in·

287 3371 476 3456 tentione
502 3367 570 3458 hic
586 3369 769 3480 subjicio.

506 3523 1276 3688 euffieosttt.

345 3811 556 3904 Martinus
575 3813 792 3903 Theodotici
820 3817 923 3904 obiit
943 3845 967 3923 9
984 3817 1233 3918 Novembris
1253 3843 1372 3923 1395.
1471 3871 1474 3878 -

344 3923 575 4010 Wilhelmus
589 3929 757 4029 Booten,
776 3935 967 4043 ¹occurrit
985 3935 1027 4017 in
1052 3931 1202 4015 Charta
1222 3929 1364 4026 XLV,
1389 3930 1484 4016 anni

291 4035 412 4168 1406.
439 4035 556 4124 Obiit
587 4043 767 4152 10Juuii
795 4063 918 4142 1432.
975 4041 1072 4126 Post
1097 4038 1214 4150 hujus
1238 4041 1397 4127 obitum
1413 4067 1486 4127 ex·

283 4141 424 4234 unna
443 4149 522 4238 fuit
543 4152 825 4266 Praepofituroe
842 4151 1032 4264 dignitas.

342 4363 445 4460 tom.
471 4369 581 4462 111.
610 4373 722 4459 ears
749 4403 790 4466 2.
1094 4371 1126 4460 u
1239 4392 1242 4398 ¹
1324 4323 1334 4356 ²
1365 4367 1493 4476 ult
