3959 5159
343 415 346 422 ’
463 478 593 556 .40
720 397 1554 534 rn'rmnrunnn‘rro

414 625 516 719 1346.
537 645 576 700 re
602 617 702 694 diuis
722 602 917 716 capellanis
936 611 1038 688 firma
1058 609 1098 688 dt
1115 609 1246 724 ¹stabilis
1296 634 1494 708 ermaneat,
1520 615 1561 694 dc
1583 613 1739 716 pacifica

313 765 317 772 .
541 711 747 886 goffeffione
778 714 973 822 gaudeant,
1000 704 1201 819 presentem
1224 635 1307 806 ψει
1333 710 1545 819 contulimus
1598 714 1744 811 aginam

568 811 640 908 gilli
656 808 772 920 ‘nostri
794 827 988 918 munnnrne
1009 801 1198 900 srgrllatam.
1249 804 1491 914 Supplrcantes
1511 738 1636 884 nolitis
1653 808 1743 886 Suc·

542 902 730 1090 lilii?
747 922 787 1074 ‘i
802 897 1746 1094 iiiiclbniiliilillisiumiiiii

542 1113 650 1262 fleant
666 1117 770 1189 quam
786 1093 975 1168 infirment.
1027 1089 1065 1161 Si
1084 1089 1159 1183 quis
1184 1109 1273 1162 vero
1295 1089 1332 1164 in
1358 1088 1518 1168 futurum
1534 1148 1559 1203 ³.
1572 1093 1667 1190 quod
1681 1096 1747 1170 ab·

570 1208 613 1279 t,
648 1207 773 1264 contra
797 1187 997 1286 presentem
1019 1181 1136 1258 nostre
1157 1181 1355 1259 traditionis
1379 1183 1419 1261 ἃ
1439 1189 1639 1265 donatronis
1664 1211 1746 1264 cat·

545 1299 638 1374 tam,
664 1285 813 1448 alipuam
831 1277 995 1378 injustam
1013 1279 1336 1374 interpellationem
1355 1279 1414 1354 seu
1430 1282 1605 1357 abbonem
1627 1302 1747 1359 atten·
1870 1341 1879 1349 .

543 1396 620 1452 tare
635 1399 698 1472 pre
716 1375 901 1472 umpserit,
928 1374 1086 1472 inprimis
1102 1376 1192 1449 iram
1208 1371 1267 1469 (4)
1281 1371 1320 1447 dc
1334 1375 1613 1474 indignationem
1628 1380 1746 1453 omni·

543 1471 700 1568 potentis
726 1471 798 1544 Dei
826 1471 1012 1558 incurrat,
1051 1467 1091 1542 δι
1115 1491 1136 1541 a
1162 1469 1336 1542 liminibus
1366 1469 1493 1544 Sancte
1522 1473 1650 1548 Matris
1673 1473 1747 1549 Ec·

540 1565 645 1641 clesre
662 1582 848 1638 extraneus
865 1563 1046 1638 efficiatur.
1097 1559 1227 1634 Anum
1249 1560 1288 1633 dc
1311 1562 1432 1637 datum
1450 1567 1543 1661 apud
1564 1567 1748 1644 chernites

540 1683 634 1734 anno
670 1657 818 1734 Domini
843 1657 1022 1734 millelimo
1046 1655 1293 1734 trecentesimo
1325 1658 1588 1758 qnadragefimo
1613 1663 1742 1756 sexto,

543 1755 582 1830 in
597 1747 754 1830 Crastino
769 1752 975 1844 animarum.

599 2038 790 2117 ornum
813 2038 885 2112 Dei
907 2039 1020 2134 gratia
1028 2035 1241 2134 ’Episcopus
1269 2033 1512 2134 Trajeiiennn
1569 2037 1631 2114 Ad
1650 2041 1747 2116 noti·

614 2139 706 2211 ciam
729 2133 971 2228 universorum
998 2133 1201 2206 deducimus
1228 2155 1292 2230 per
1319 2133 1530 2229 presentes,
1563 2135 1657 2230 quod
1680 2135 1748 2231 pio

614 2231 911 2305 affed'tui‘devote
936 2229 1092 2302 Domine
1116 2231 1305 2336 Beatricis,
1339 2229 1495 2336 Domine
1514 2228 1558 2300 de
1581 2229 1685 2302 Potite
1702 2228 1746 2304 ὅτ

546 2332 663 2420 Siryen
686 2344 908 2413 annuentes,
942 2325 1095 2422 quinque
1123 2322 1338 2418 capellanias
1361 2345 1426 2416 per
1448 2321 1558 2417 ipsam
1579 2322 1616 2394 in
1640 2325 1748 2398 Gher·

545 2429 637 2502 wliei
653 2419 814 2497 fundatas
863 2444 900 2492 er
923 2417 1051 2512 pascua
1076 2417 1135 2492 seu
1158 2437 1259 2511 prata
1283 2435 1388 2512 atque
1404 2418 1563 2512 gramina
1579 2414 1672 2492 ditia
1697 2421 1746 2493 de

543 2520 670 2607 Antei,
698 2517 742 2591 ad
762 2445 903 2610 preddns
925 2531 1072 2584 eentum
1091 2513 1191 2620 libras
1219 2511 1408 2616 Hollandie
1426 2513 1651 2584 denariorum
1675 2514 1745 2588 sol·

546 2603 1746 2801 liiilriiiigliniii‘n’iliiolssiiioiii‘iii

1641 2801 1747 2876 ruita-

596 3018 645 3104 (4)
669 3015 755 3083 lrom
773 3013 809 3085 ci
823 3013 1057 3098 indignationem
1079 3011 1296 3099 Omnipotortit
1320 3009 1404 3097 Dei)
1427 3011 1481 3078 lta
1502 3011 1684 3097 perspicue
1707 3013 1747 3080 in

553 3099 753 3172 Chartularl
781 3097 841 3165 ms.
874 3095 1077 3164 Heullenius
1101 3097 1187 3181 legit
1213 3095 1339 3178 nostrum
1372 3095 1600 3178 indignationem
1625 3097 1661 3167 ὃ
1687 3097 1753 3164 Dei

553 3185 779 3270 Omnipottntt't.
820 3181 980 3258 Scilicet,
1002 3178 1147 3244 Beotritis
1159 3177 1273 3246 leculo
1289 3179 1460 3246 defunctae
1473 3179 1662 3264 indignatio
1677 3181 1752 3246 hae·

552 3270 692 3336 cedibus
713 3267 838 3333 terrori
855 3263 970 3332 lutura
992 3277 1086 3338 crat,
1107 3277 1166 3330 nnt
1185 3263 1251 3328 illis
1273 3264 1429 3328 dolorem
1455 3261 1620 3329 moviffet.
1663 3263 1749 3330 Non

554 3351 604 3420 est
618 3355 720 3436 plane
734 3347 923 3420 insolitum,
945 3363 1012 3412 nec
1025 3361 1153 3429 praeter
1170 3364 1302 3414 morem
1313 3345 1416 3412 medii
1435 3345 1526 3420 aevi,
1548 3359 1587 3411 nt
1602 3345 1750 3415 illustres

551 3435 691 3502 feminae
711 3437 776 3500 bac
792 3431 859 3496 nsae
883 3429 946 3494 stnt
960 3430 1243 3496 interminatione
1262 3431 1473 3513 indignationis
1488 3426 1622 3506 mnino,
1644 3447 1752 3512 quan·

553 3519 681 3584 tnmvis
698 3533 739 3582 ea
752 3518 790 3580 stt
804 3514 939 3596 loquela
954 3513 1114 3579 Eccleliae
1135 3511 1172 3580 δι
1189 3513 1324 3580 summis
1348 3509 1572 3577 Pontificibus
1596 3513 1751 3598 propria.

517 3668 524 3682 ,
551 3601 676 3670 Sandis
695 3597 812 3664 irmino
827 3593 1000 3664 Abbatilla
1014 3595 1216 3662 Horreinfis
1236 3591 1433 3662 Monasterii
1450 3596 1541 3676 apud
1562 3593 1748 3677 Treviros,

551 3686 645 3770 quod
664 3682 713 3752 est
732 3682 896 3748 nobilium
914 3677 1231 3754 Benedistinarnm,
1247 3679 1282 3744 in
1308 3678 1455 3760 quadam
1479 3675 1610 3745 Charta
1636 3679 1750 3745 dona·

553 3769 657 3837 tionis
686 3765 782 3833 fadar
814 3762 940 3831 Sancto
964 3762 1156 3829 Wiiiibrordo
1179 3762 1226 3826 ita
1250 3760 1454 3828 concludit:
1488 3803 1512 3838 „
1533 3760 1570 3824 si
1589 3762 1664 3843 qula
1688 3780 1752 3829 ve·

552 3893 578 3930 „
594 3871 635 3920 ro
658 3903 666 3920 .
690 3897 698 3914 .
724 3899 763 3916 ..
796 3863 918 3914 contra
947 3847 1037 3911 banc
1062 3843 1184 3932 nostrae
1208 3845 1405 3926 donationis
1429 3845 1597 3908 cartulam
1625 3845 1749 3912 venire

553 3975 579 4012 ‚,
595 3950 741 4002 conatus
755 3930 878 4008 fuerit,
899 3945 958 3997 aut
975 3946 1051 3994 eam
1076 3927 1266 4012 irrumpere
1290 3928 1457 4000 voluerit,
1503 3926 1637 4001 rimitus
1668 3936 1750 3992 itam

553 4058 579 4095 „
594 4019 656 4086 Dei
688 4015 906 4100 omnipotentis
926 4019 1080 4084 incurrat,
1104 4011 1139 4078 &
1164 4012 1301 4096 insuper
1327 4011 1397 4078 dac.
1415 4010 1442 4046 “
1492 4009 1564 4091 pud
1593 4009 1755 4078 Martene

471 4133 476 4138 ·
551 4103 588 4166 in
605 4099 759 4183 Ampllll.
777 4097 922 4166 Colleii.
937 4094 1015 4162 Vet.
1040 4094 1169 4178 Script.
1188 4113 1271 4160 torn.
1299 4114 1328 4160 1.
1345 4091 1416 4158 col.
1440 4108 1491 4155 12.
1533 4091 1660 4158 Eadem
1678 4093 1751 4160 for·

436 4219 438 4222 ·
552 4183 646 4250 mula
659 4183 768 4248 utitur
784 4183 847 4248 alia
862 4179 999 4247 illustris
1013 4178 1160 4256 femina,
1180 4196 1249 4244 non
1263 4181 1333 4264 jam
1350 4173 1537 4252 Abbatilla,
1553 4174 1609 4242 sed
1623 4178 1756 4244 monia·

551 4268 610 4341 lis,
631 4262 808 4334 bertilindis
830 4266 867 4334 in
891 4261 968 4332 ead.
994 4260 1142 4332 Collest.
1174 4260 1244 4334 loc.
1273 4259 1335 4331 cit.
1356 4259 1425 4327 col.
1451 4261 1502 4329 18.
1534 4259 1678 4345 annone
1705 4258 1755 4330 ibi

476 4399 481 4406 -
548 4351 675 4440 plures.
