3959 5159
514 560 544 658 8
625 541 1302 658 UP'R'AEFA'T
1372 557 1396 654 1
1470 559 1532 660 O.
1619 641 1623 644 ,

349 787 354 798 “
514 749 590 841 nno
605 747 732 838 Caroli
748 747 957 863 tamquam
973 728 1210 839 Domitiae
1233 756 1397 862 patroni
1421 747 1606 863 Capituli
1630 773 1712 840 tra·

516 865 601 951 dita
626 865 755 950 fuere.
778 863 959 952 Instituta
982 889 1111 976 porro
1123 890 1170 946 ac
1189 864 1286 950 dein
1312 861 1471 975 peracta
1490 868 1582 966 lite,
1608 891 1713 976 prae·

520 979 681 1062 teritam
717 977 793 1062 illis
819 977 980 1085 colpam
1032 973 1184 1061 remifit
1217 976 1400 1075 Carolus,
1428 975 1713 1090 &adprimae

516 1088 788 1183 fundationis,
815 1087 1206 1196 subsecutorumqne
1231 1085 1474 1174 statutorum
1496 1088 1716 1184 observan-

514 1203 612 1286 tiam
630 1199 863 1299 Decanum,
891 1197 935 1284 o
950 1197 1187 1284 Canonicos
1204 1197 1439 1286 solemniter
1463 1202 1717 1287 condemna·

509 1314 570 1400 vit
599 1312 666 1396 die
686 1333 723 1410 5.
737 1307 947 1396 Februarii
968 1314 1088 1415 1461.
1141 1305 1254 1394 Vide
1270 1309 1468 1396 Chartam
1495 1311 1541 1396 11.

563 1423 661 1508 Non
680 1420 899 1532 persequar
916 1420 1086 1528 reliqna.
1141 1420 1251 1506 Nam
1273 1445 1367 1528 quae
1396 1441 1598 1530 praeterea
1628 1423 1711 1509 huc

506 1535 738 1645 pertinent,
767 1530 810 1614 δι
825 1553 919 1642 quoe
937 1532 1110 1614 'attinent
1138 1527 1192 1613 ad
1216 1529 1397 1640 Capituli
1414 1533 1532 1637 jora,
1559 1531 1600 1613 dt
1627 1540 1712 1643 pri·

506 1646 675 1751 vilegia,
702 1641 818 1728 acad
844 1638 1182 1753 proprietates&
1209 1644 1510 1736 immunitates,
1538 1643 1590 1726 ad
1616 1671 1711 1753 per-

508 1759 747 1864 ceptionem
767 1778 816 1837 ao
844 1751 1089 1840 divisionem
1124 1775 1427 1862 proventuumt
1459 1753 1724 1862 disciplinam·

507 1866 709 1978 denique,
735 1867 836 1951 ritus
856 1891 905 1951 ac
922 1890 1082 1962 mores,
1106 1890 1155 1950 ea
1171 1868 1310 1952 omnia
1326 1889 1380 1950 ex
1393 1861 1710 1972 hujns‘Chartu-

506 1973 789 2064 larisletiione
803 1975 1232 2088 intelligunturzquod
1247 1971 1711 2086 noncomplesliomnia

507 2093 679 2176 omnino
715 2087 896 2200 Capituli
929 2091 1210 2186 documenta,
1246 2087 1441 2198 agnosces
1475 2112 1531 2172 ert
1563 2085 1709 2174 Inven-

507 2204 613 2287 tario
638 2201 754 2312 quod
778 2199 961 2312 sequitur
982 2200 1078 2312 post'
1099 2199 1287 2287 Charias.
1340 2186 1398 2284 Et
1421 2196 1588 2284 Charta
1610 2199 1706 2311 ipsae

508 2313 656 2400 ordine
673 2315 871 2422 temporis
891 2314 1089 2400 collocari
1105 2310 1192 2397 fere
1218 2329 1619 2420 omnetpotuerunt,
1633 2311 1707 2397 sed

502 2423 721 2510 maluimus
733 2425 847 2532 sequi
863 2426 1067 2511 Codicem
1083 2421 1157 2510 ms.

557 2529 805 2616 Promiserat
821 2531 982 2616 Carolus
995 2555 1105 2616 anno
1122 2553 1245 2636 1459.
1262 2533 1434 2618 solemni
1448 2539 1490 2620 in
1506 2559 1598 2621 eam
1613 2561 1705 2623 rem

505 2645 680 2734 decreto
712 2640 903 2728 concello
928 2641 1026 2729 citm
1055 2638 1234 2728 visitaret
1261 2639 1462 2750 oppidum
1488 2639 1706 2729 Geerolie-

506 2752 642 2853 tense,
666 2753 930 2864 promiserat,
955 2758 1145 2866 inquam.
1173 2777 1253 2863 pto
1268 2751 1309 2835 se
1331 2775 1380 2834 ac
1409 2747 1705 2840 snccefforibus
1878 2751 1906 2806 '=

504 2867 602 2964 suis,
629 2863 744 2978 quod
765 2865 1003 2977 Capitulum
1026 2859 1336 2952 Geetvlietense
1359 2881 1561 2973 perpetuo
1587 2863 1631 2948 da
1659 2870 1705 2954 in

347 3037 349 3044 ·
507 3005 631 3068 omne
650 2998 810 3090 tempus
828 2977 1088 3066 conservaret
1104 2981 1211 3064 intra
1229 2972 1453 3084 oppidum,
1480 2993 1705 3064 tutaretur·

365 3187 366 3190 p
506 3115 610 3203 que,
724 3115 776 3178 ue
791 3095 1049 3203 permitteret
1068 3089 1171 3176 illud
1193 3088 1275 3173 alio
1302 3084 1510 3172 trantferti
1527 3107 1598 3174 aut
1625 3093 1704 3178 mi·

510 3231 642 3316 grate.
718 3220 758 3289 ta
789 3203 937 3290 diserte
973 3207 1019 3289 in
1042 3201 1197 3290 Charta
1232 3191 1458 3285 XXXVII.
1485 3197 1569 3284 Sed
1593 3200 1706 3311 lapsu

508 3307 1706 3539 llmllllltlllltllllilllillalli'lllll

547 3495 556 3514 ·
1530 3477 1543 3520 a

508 3536 1079 3760 ttttttltttttt
1099 3449 1705 3776 tirannum

507 3761 801 3874 dignitatibus,
827 3757 1002 3854 officiis,
1027 3787 1075 3846 ac
1095 3765 1191 3848 viria
1221 3760 1392 3847 eruditis
1421 3760 1621 3868 decenter
1641 3784 1706 3842 tn-

508 3869 700 3962 struenda
725 3893 835 3975 erat,
872 3873 1034 3960 summo
1062 3871 1254 3962 Pontifici
1280 3871 1542 3986 supplicavit,
1576 3887 1623 3953 ut
1651 3865 1706 3954 ad

508 3985 614 4070 lianc
642 3985 955 4074 Harlemensem
991 3988 1227 4093 transferret
1244 3979 1449 4087 Eaclastarn
1461 3977 1706 4090 Callrgratarn

509 4094 811 4206 Geervlitmstm
834 4102 874 4182 in
890 4093 1123 4196 Hotaalta
1141 4125 1225 4208 qua
1241 4096 1386 4201 dicitnr
1399 4092 1557 4202 Capella
1566 4091 1707 4202 Regia,

506 4225 721 4293 remanente
742 4209 842 4294 card
867 4208 1094 4296 Parachiasi
1119 4236 1204 4291 cnm
1239 4205 1495 4315 Capellaaiis,
1532 4203 1578 4285 V
1571 4204 1706 4289 icariis

507 4319 552 4411 ὅ
563 4327 792 4414 ornamentis
805 4351 850 4410 ac
856 4322 1125 4434 suppelltlsise
1147 4321 1203 4406 ad
1218 4319 1341 4409 anaia
1352 4314 1573 4430 peragenda
1585 4316 1710 4420 netas·

1560 4428 1708 4532 saniir.
