<?xml version="1.0" encoding="UTF-8"?>
<!DOCTYPE html PUBLIC "-//W3C//DTD XHTML 1.0 Transitional//EN"
    "http://www.w3.org/TR/xhtml1/DTD/xhtml1-transitional.dtd">
<html xmlns="http://www.w3.org/1999/xhtml" xml:lang="en" lang="en">
 <head>
  <title>
</title>
<meta http-equiv="Content-Type" content="text/html;charset=utf-8" />
  <meta name='ocr-system' content='tesseract 3.04.00' />
  <meta name='ocr-capabilities' content='ocr_page ocr_carea ocr_par ocr_line ocrx_word'/>
</head>
<body>
  <div class='ocr_page' id='page_1' title='image "./vitavigliiabayt02papegoog_0067.png"; bbox 0 0 3959 5159; ppageno 0'>
   <div class='ocr_carea' id='block_1_1' title="bbox 572 483 1583 575">
    <p class='ocr_par' dir='ltr' id='par_1_1' title="bbox 572 483 1583 575">
     <span class='ocr_line' id='line_1_1' title="bbox 572 483 1583 575; baseline 0.011 -11"><span class='ocrx_word' id='word_1_1' title='bbox 572 489 626 565; x_wconf 88' lang='lat'>60</span> <span class='ocrx_word' id='word_1_2' title='bbox 757 483 1053 574; x_wconf 76' lang='lat' dir='ltr'>PRIMA</span> <span class='ocrx_word' id='word_1_3' title='bbox 1104 484 1583 575; x_wconf 81' lang='lat' dir='ltr'><strong>FUNDATI&#39;O</strong></span> 
     </span>
    </p>
   </div>
   <div class='ocr_carea' id='block_1_2' title="bbox 357 649 1906 4280">
    <p class='ocr_par' dir='ltr' id='par_1_2' title="bbox 357 649 1906 4280">
     <span class='ocr_line' id='line_1_2' title="bbox 436 649 1765 756; baseline 0.003 -22"><span class='ocrx_word' id='word_1_4' title='bbox 436 661 537 734; x_wconf 83' lang='lat'>1515.</span> <span class='ocrx_word' id='word_1_5' title='bbox 568 659 666 732; x_wconf 88' lang='lat' dir='ltr'>annis</span> <span class='ocrx_word' id='word_1_6' title='bbox 693 659 815 732; x_wconf 85' lang='lat' dir='ltr'>habeat</span> <span class='ocrx_word' id='word_1_7' title='bbox 835 655 875 731; x_wconf 76' lang='grc' dir='ltr'>δι</span> <span class='ocrx_word' id='word_1_8' title='bbox 903 651 1095 756; x_wconf 59' lang='lat' dir='ltr'>percipiat}</span> <span class='ocrx_word' id='word_1_9' title='bbox 1121 655 1218 728; x_wconf 72' lang='lat' dir='ltr'>fflnt</span> <span class='ocrx_word' id='word_1_10' title='bbox 1240 649 1410 756; x_wconf 85' lang='lat' dir='ltr'>estquod</span> <span class='ocrx_word' id='word_1_11' title='bbox 1434 658 1514 733; x_wconf 77' lang='lat' dir='ltr'>Nor</span> <span class='ocrx_word' id='word_1_12' title='bbox 1538 660 1605 734; x_wconf 89' lang='lat' dir='ltr'>hec</span> <span class='ocrx_word' id='word_1_13' title='bbox 1624 658 1665 734; x_wconf 78' lang='lat' dir='ltr'>dt</span> <span class='ocrx_word' id='word_1_14' title='bbox 1692 662 1765 738; x_wconf 67' lang='lat' dir='ltr'>alia</span> 
     </span>
     <span class='ocr_line' id='line_1_3' title="bbox 566 749 1828 850; baseline 0.006 -28"><span class='ocrx_word' id='word_1_15' title='bbox 566 749 746 844; x_wconf 76' lang='lat' dir='ltr'>diligenter</span> <span class='ocrx_word' id='word_1_16' title='bbox 773 751 1054 839; x_wconf 85' lang='lat' dir='ltr'>considerantes,</span> <span class='ocrx_word' id='word_1_17' title='bbox 1088 750 1283 825; x_wconf 88' lang='lat' dir='ltr'>nostrorum</span> <span class='ocrx_word' id='word_1_18' title='bbox 1308 776 1447 850; x_wconf 78' lang='lat' dir='ltr'>quoque</span> <span class='ocrx_word' id='word_1_19' title='bbox 1473 753 1760 836; x_wconf 80' lang='lat' dir='ltr'>Predeceslotum</span> <span class='ocrx_word' id='word_1_20' title='bbox 1824 823 1828 830; x_wconf 89' lang='lat'><em>.</em></span> 
     </span>
     <span class='ocr_line' id='line_1_4' title="bbox 565 845 1757 944; baseline 0.007 -26"><span class='ocrx_word' id='word_1_21' title='bbox 565 847 652 922; x_wconf 77' lang='lat' dir='ltr'>nesti</span> <span class='ocrx_word' id='word_1_22' title='bbox 679 847 921 938; x_wconf 78' lang='lat' dir='ltr'>iaitnitanteu,</span> <span class='ocrx_word' id='word_1_23' title='bbox 948 845 1129 942; x_wconf 85' lang='lat' dir='ltr'>presertim</span> <span class='ocrx_word' id='word_1_24' title='bbox 1146 867 1188 919; x_wconf 88' lang='lat' dir='ltr'>ea</span> <span class='ocrx_word' id='word_1_25' title='bbox 1214 869 1283 944; x_wconf 90' lang='lat' dir='ltr'>que</span> <span class='ocrx_word' id='word_1_26' title='bbox 1298 873 1318 921; x_wconf 86' lang='lat' dir='ltr'>a</span> <span class='ocrx_word' id='word_1_27' title='bbox 1332 849 1541 944; x_wconf 86' lang='lat' dir='ltr'>primoribus</span> <span class='ocrx_word' id='word_1_28' title='bbox 1563 851 1757 926; x_wconf 73' lang='lat' dir='ltr'>fundatori·</span> 
     </span>
     <span class='ocr_line' id='line_1_5' title="bbox 564 871 1759 1050; baseline 0.005 -38"><span class='ocrx_word' id='word_1_29' title='bbox 564 943 626 1012; x_wconf 87' lang='lat' dir='ltr'>bus</span> <span class='ocrx_word' id='word_1_30' title='bbox 641 871 722 1034; x_wconf 64' lang='lat' dir='ltr'>ripe</span> <span class='ocrx_word' id='word_1_31' title='bbox 740 941 832 1050; x_wconf 73' lang='lat' dir='ltr'>ditie</span> <span class='ocrx_word' id='word_1_32' title='bbox 848 941 1002 1018; x_wconf 82' lang='lat' dir='ltr'>Eccleste</span> <span class='ocrx_word' id='word_1_33' title='bbox 1015 941 1053 1013; x_wconf 79' lang='lat' dir='ltr'>dt</span> <span class='ocrx_word' id='word_1_34' title='bbox 1068 943 1222 1035; x_wconf 84' lang='lat' dir='ltr'>patronis</span> <span class='ocrx_word' id='word_1_35' title='bbox 1239 942 1360 1018; x_wconf 88' lang='lat' dir='ltr'>foelicis</span> <span class='ocrx_word' id='word_1_36' title='bbox 1374 948 1627 1021; x_wconf 86' lang='lat' dir='ltr'>recordatiouis</span> <span class='ocrx_word' id='word_1_37' title='bbox 1647 971 1759 1044; x_wconf 89' lang='lat' dir='ltr'>quon·</span> 
     </span>
     <span class='ocr_line' id='line_1_6' title="bbox 561 1034 1756 1130; baseline 0.008 -26"><span class='ocrx_word' id='word_1_38' title='bbox 561 1034 641 1104; x_wconf 84' lang='lat' dir='ltr'>dam</span> <span class='ocrx_word' id='word_1_39' title='bbox 657 1036 814 1110; x_wconf 81' lang='lat' dir='ltr'>Domino</span> <span class='ocrx_word' id='word_1_40' title='bbox 831 1041 950 1130; x_wconf 78' lang='lat' dir='ltr'>Jacobo</span> <span class='ocrx_word' id='word_1_41' title='bbox 973 1037 1018 1108; x_wconf 89' lang='lat' dir='ltr'>de</span> <span class='ocrx_word' id='word_1_42' title='bbox 1035 1039 1210 1126; x_wconf 79' lang='lat' dir='ltr'>Gaesbeke,</span> <span class='ocrx_word' id='word_1_43' title='bbox 1237 1058 1310 1112; x_wconf 88' lang='lat' dir='ltr'>nec·</span> <span class='ocrx_word' id='word_1_44' title='bbox 1334 1062 1405 1113; x_wconf 89' lang='lat' dir='ltr'>non</span> <span class='ocrx_word' id='word_1_45' title='bbox 1422 1041 1756 1115; x_wconf 85' lang='lat' dir='ltr'>IllustriiiimisPrin-</span> 
     </span>
     <span class='ocr_line' id='line_1_7' title="bbox 561 1129 1765 1229; baseline 0.01 -29"><span class='ocrx_word' id='word_1_46' title='bbox 561 1129 697 1222; x_wconf 74' lang='lat' dir='ltr'>cipibus</span> <span class='ocrx_word' id='word_1_47' title='bbox 714 1132 863 1224; x_wconf 82' lang='lat' dir='ltr'>Philippo</span> <span class='ocrx_word' id='word_1_48' title='bbox 885 1133 926 1207; x_wconf 77' lang='lat' dir='ltr'>dt</span> <span class='ocrx_word' id='word_1_49' title='bbox 950 1135 1063 1205; x_wconf 78' lang='lat' dir='ltr'>Carula</span> <span class='ocrx_word' id='word_1_50' title='bbox 1077 1135 1163 1207; x_wconf 89' lang='lat' dir='ltr'>olim</span> <span class='ocrx_word' id='word_1_51' title='bbox 1190 1135 1389 1229; x_wconf 86' lang='lat' dir='ltr'>Burgundie</span> <span class='ocrx_word' id='word_1_52' title='bbox 1406 1135 1575 1210; x_wconf 80' lang='lat' dir='ltr'>Ducibus·</span> <span class='ocrx_word' id='word_1_53' title='bbox 1589 1137 1663 1212; x_wconf 67' lang='lat' dir='ltr'>&amp;cz</span> <span class='ocrx_word' id='word_1_54' title='bbox 1689 1160 1765 1212; x_wconf 82' lang='lat' dir='ltr'>una</span> 
     </span>
     <span class='ocr_line' id='line_1_8' title="bbox 490 1225 1756 1327; baseline 0.009 -33"><span class='ocrx_word' id='word_1_55' title='bbox 490 1271 493 1280; x_wconf 89' lang='lat'><em>.</em></span> <span class='ocrx_word' id='word_1_56' title='bbox 561 1243 643 1294; x_wconf 92' lang='lat' dir='ltr'>cum</span> <span class='ocrx_word' id='word_1_57' title='bbox 661 1225 960 1302; x_wconf 77' lang='lat' dir='ltr'>predecessoribus</span> <span class='ocrx_word' id='word_1_58' title='bbox 978 1229 1103 1303; x_wconf 76' lang='lat' dir='ltr'>nostris</span> <span class='ocrx_word' id='word_1_59' title='bbox 1119 1229 1227 1324; x_wconf 89' lang='lat' dir='ltr'>super.</span> <span class='ocrx_word' id='word_1_60' title='bbox 1236 1229 1393 1304; x_wconf 77' lang='lat' dir='ltr'>absentia·</span> <span class='ocrx_word' id='word_1_61' title='bbox 1403 1230 1603 1327; x_wconf 78' lang='lat' dir='ltr'>hujusmodi</span> <span class='ocrx_word' id='word_1_62' title='bbox 1621 1233 1756 1322; x_wconf 84' lang='lat' dir='ltr'>danda,</span> 
     </span>
     <span class='ocr_line' id='line_1_9' title="bbox 559 1317 1757 1416; baseline 0.007 -25"><span class='ocrx_word' id='word_1_63' title='bbox 559 1317 688 1396; x_wconf 85' lang='lat' dir='ltr'>statuta</span> <span class='ocrx_word' id='word_1_64' title='bbox 706 1323 956 1398; x_wconf 63' lang='lat' dir='ltr'>rationabiliter</span> <span class='ocrx_word' id='word_1_65' title='bbox 986 1322 1025 1398; x_wconf 80' lang='grc' dir='ltr'>ὅι</span> <span class='ocrx_word' id='word_1_66' title='bbox 1059 1326 1221 1414; x_wconf 77' lang='lat' dir='ltr'>ordinata</span> <span class='ocrx_word' id='word_1_67' title='bbox 1246 1325 1394 1416; x_wconf 87' lang='lat' dir='ltr'>fuerint,</span> <span class='ocrx_word' id='word_1_68' title='bbox 1421 1350 1488 1399; x_wconf 91' lang='lat' dir='ltr'>nec</span> <span class='ocrx_word' id='word_1_69' title='bbox 1512 1351 1584 1401; x_wconf 93' lang='lat' dir='ltr'>non</span> <span class='ocrx_word' id='word_1_70' title='bbox 1599 1329 1642 1401; x_wconf 87' lang='lat' dir='ltr'>ab</span> <span class='ocrx_word' id='word_1_71' title='bbox 1669 1328 1757 1401; x_wconf 88' lang='lat' dir='ltr'>anti·</span> 
     </span>
     <span class='ocr_line' id='line_1_10' title="bbox 560 1415 1755 1516; baseline 0.008 -30"><span class='ocrx_word' id='word_1_72' title='bbox 560 1437 630 1514; x_wconf 91' lang='lat' dir='ltr'>quo</span> <span class='ocrx_word' id='word_1_73' title='bbox 653 1415 692 1490; x_wconf 79' lang='lat' dir='ltr'>dt</span> <span class='ocrx_word' id='word_1_74' title='bbox 716 1417 907 1514; x_wconf 79' lang='lat' dir='ltr'>longissimo</span> <span class='ocrx_word' id='word_1_75' title='bbox 932 1439 1093 1515; x_wconf 84' lang='lat' dir='ltr'>ternpore</span> <span class='ocrx_word' id='word_1_76' title='bbox 1122 1421 1158 1491; x_wconf 93' lang='lat' dir='ltr'>in</span> <span class='ocrx_word' id='word_1_77' title='bbox 1189 1419 1328 1516; x_wconf 82' lang='lat' dir='ltr'>prefata</span> <span class='ocrx_word' id='word_1_78' title='bbox 1358 1421 1514 1495; x_wconf 73' lang='lat' dir='ltr'>Ecclesia</span> <span class='ocrx_word' id='word_1_79' title='bbox 1537 1423 1755 1496; x_wconf 83' lang='lat' dir='ltr'>laudabiliter</span> 
     </span>
     <span class='ocr_line' id='line_1_11' title="bbox 563 1510 1758 1613; baseline 0.007 -30"><span class='ocrx_word' id='word_1_80' title='bbox 563 1510 747 1588; x_wconf 79' lang='lat' dir='ltr'>obseruata</span> <span class='ocrx_word' id='word_1_81' title='bbox 762 1512 1263 1613; x_wconf 85' lang='lat' dir='ltr'>corroborataque&amp;obtenta</span> <span class='ocrx_word' id='word_1_82' title='bbox 1274 1515 1376 1601; x_wconf 77' lang='lat' dir='ltr'>aliis,</span> <span class='ocrx_word' id='word_1_83' title='bbox 1402 1535 1509 1609; x_wconf 92' lang='lat' dir='ltr'>prout</span> <span class='ocrx_word' id='word_1_84' title='bbox 1524 1530 1544 1590; x_wconf 82' lang='lat' dir='ltr'>a</span> <span class='ocrx_word' id='word_1_85' title='bbox 1571 1536 1651 1589; x_wconf 88' lang='lat' dir='ltr'>erte</span> <span class='ocrx_word' id='word_1_86' title='bbox 1668 1541 1758 1591; x_wconf 90' lang='lat' dir='ltr'>con·</span> 
     </span>
     <span class='ocr_line' id='line_1_12' title="bbox 357 1605 1756 1712; baseline 0.002 -30"><span class='ocrx_word' id='word_1_87' title='bbox 357 1667 364 1682; x_wconf 90' lang='lat'><strong>.</strong></span> <span class='ocrx_word' id='word_1_88' title='bbox 472 1647 491 1670; x_wconf 55' lang='lat' dir='ltr'>a</span> <span class='ocrx_word' id='word_1_89' title='bbox 564 1605 629 1682; x_wconf 91' lang='lat' dir='ltr'>stat</span> <span class='ocrx_word' id='word_1_90' title='bbox 655 1631 719 1703; x_wconf 90' lang='lat' dir='ltr'>per</span> <span class='ocrx_word' id='word_1_91' title='bbox 733 1607 946 1686; x_wconf 81' lang='lat' dir='ltr'>sentenciam</span> <span class='ocrx_word' id='word_1_92' title='bbox 968 1610 1121 1712; x_wconf 74' lang='lat' dir='ltr'>supremi</span> <span class='ocrx_word' id='word_1_93' title='bbox 1134 1608 1274 1682; x_wconf 88' lang='lat' dir='ltr'>Confilii</span> <span class='ocrx_word' id='word_1_94' title='bbox 1291 1608 1517 1683; x_wconf 87' lang='lat' dir='ltr'>fundatorum</span> <span class='ocrx_word' id='word_1_95' title='bbox 1586 1631 1756 1708; x_wconf 88' lang='lat' dir='ltr'>patrono·</span> 
     </span>
     <span class='ocr_line' id='line_1_13' title="bbox 566 1703 1906 1804; baseline 0.006 -29"><span class='ocrx_word' id='word_1_96' title='bbox 566 1726 647 1776; x_wconf 82' lang='lat' dir='ltr'>tum</span> <span class='ocrx_word' id='word_1_97' title='bbox 675 1703 832 1798; x_wconf 71' lang='lat' dir='ltr'>preditie</span> <span class='ocrx_word' id='word_1_98' title='bbox 854 1706 1023 1779; x_wconf 82' lang='lat' dir='ltr'>Ecclesre.</span> <span class='ocrx_word' id='word_1_99' title='bbox 1084 1704 1166 1804; x_wconf 79' lang='lat' dir='ltr'>Que</span> <span class='ocrx_word' id='word_1_100' title='bbox 1188 1703 1330 1801; x_wconf 90' lang='lat' dir='ltr'>quidem</span> <span class='ocrx_word' id='word_1_101' title='bbox 1356 1703 1483 1778; x_wconf 83' lang='lat' dir='ltr'>statuta</span> <span class='ocrx_word' id='word_1_102' title='bbox 1515 1718 1597 1779; x_wconf 85' lang='lat' dir='ltr'>cum</span> <span class='ocrx_word' id='word_1_103' title='bbox 1626 1705 1759 1782; x_wconf 88' lang='lat' dir='ltr'>suerint</span> <span class='ocrx_word' id='word_1_104' title='bbox 1904 1755 1906 1758; x_wconf 56' lang='lat'>&lt;</span> 
     </span>
     <span class='ocr_line' id='line_1_14' title="bbox 566 1797 1756 1896; baseline 0.005 -26"><span class='ocrx_word' id='word_1_105' title='bbox 566 1797 669 1887; x_wconf 89' lang='lat' dir='ltr'>olim,</span> <span class='ocrx_word' id='word_1_106' title='bbox 694 1819 733 1872; x_wconf 93' lang='lat' dir='ltr'>ut</span> <span class='ocrx_word' id='word_1_107' title='bbox 750 1801 954 1894; x_wconf 86' lang='lat' dir='ltr'>prefertur,</span> <span class='ocrx_word' id='word_1_108' title='bbox 969 1802 1007 1876; x_wconf 90' lang='lat' dir='ltr'>in</span> <span class='ocrx_word' id='word_1_109' title='bbox 1023 1797 1159 1896; x_wconf 77' lang='lat' dir='ltr'>scriptis</span> <span class='ocrx_word' id='word_1_110' title='bbox 1185 1797 1349 1888; x_wconf 55' lang='lat' dir='ltr'>redanav,</span> <span class='ocrx_word' id='word_1_111' title='bbox 1373 1797 1414 1874; x_wconf 77' lang='lat' dir='ltr'>dt</span> <span class='ocrx_word' id='word_1_112' title='bbox 1439 1798 1560 1875; x_wconf 76' lang='lat' dir='ltr'>forsan</span> <span class='ocrx_word' id='word_1_113' title='bbox 1584 1803 1756 1877; x_wconf 82' lang='lat' dir='ltr'>malitiose</span> 
     </span>
     <span class='ocr_line' id='line_1_15' title="bbox 564 1891 1760 1989; baseline 0.005 -22"><span class='ocrx_word' id='word_1_114' title='bbox 564 1891 768 1970; x_wconf 64' lang='lat' dir='ltr'>substracta:</span> <span class='ocrx_word' id='word_1_115' title='bbox 797 1896 836 1970; x_wconf 79' lang='lat' dir='ltr'>dt</span> <span class='ocrx_word' id='word_1_116' title='bbox 861 1895 956 1971; x_wconf 89' lang='lat' dir='ltr'>nulla·</span> <span class='ocrx_word' id='word_1_117' title='bbox 978 1914 1038 1972; x_wconf 92' lang='lat' dir='ltr'>aut</span> <span class='ocrx_word' id='word_1_118' title='bbox 1069 1917 1183 1989; x_wconf 89' lang='lat' dir='ltr'>pauca</span> <span class='ocrx_word' id='word_1_119' title='bbox 1217 1893 1367 1971; x_wconf 77' lang='lat' dir='ltr'>inueniri</span> <span class='ocrx_word' id='word_1_120' title='bbox 1390 1895 1544 1988; x_wconf 80' lang='lat' dir='ltr'>possint,</span> <span class='ocrx_word' id='word_1_121' title='bbox 1578 1896 1687 1971; x_wconf 77' lang='lat' dir='ltr'>causis</span> <span class='ocrx_word' id='word_1_122' title='bbox 1715 1898 1760 1973; x_wconf 79' lang='lat' dir='ltr'>do</span> 
     </span>
     <span class='ocr_line' id='line_1_16' title="bbox 564 1989 1755 2088; baseline -0.003 -27"><span class='ocrx_word' id='word_1_123' title='bbox 564 1990 754 2066; x_wconf 87' lang='lat' dir='ltr'>rationibus</span> <span class='ocrx_word' id='word_1_124' title='bbox 783 1991 955 2088; x_wconf 70' lang='lat' dir='ltr'>predictis.</span> <span class='ocrx_word' id='word_1_125' title='bbox 974 1989 1054 2068; x_wconf 83' lang='lat' dir='ltr'>aliis</span> <span class='ocrx_word' id='word_1_126' title='bbox 1070 2015 1113 2062; x_wconf 91' lang='lat' dir='ltr'>ue</span> <span class='ocrx_word' id='word_1_127' title='bbox 1144 1990 1405 2066; x_wconf 81' lang='lat' dir='ltr'>rationabilibus</span> <span class='ocrx_word' id='word_1_128' title='bbox 1435 1991 1559 2066; x_wconf 76' lang='lat' dir='ltr'>mediis</span> <span class='ocrx_word' id='word_1_129' title='bbox 1574 1991 1657 2064; x_wconf 83' lang='lat' dir='ltr'>Noa</span> <span class='ocrx_word' id='word_1_130' title='bbox 1677 2017 1755 2066; x_wconf 66' lang='lat' dir='ltr'>mo,</span> 
     </span>
     <span class='ocr_line' id='line_1_17' title="bbox 566 2084 1758 2180; baseline 0.003 -21"><span class='ocrx_word' id='word_1_131' title='bbox 566 2091 749 2176; x_wconf 74' lang='lat' dir='ltr'>ventibus,</span> <span class='ocrx_word' id='word_1_132' title='bbox 784 2087 1013 2162; x_wconf 86' lang='lat' dir='ltr'>necessarium</span> <span class='ocrx_word' id='word_1_133' title='bbox 1102 2110 1192 2180; x_wconf 81' lang='lat' dir='ltr'>opus</span> <span class='ocrx_word' id='word_1_134' title='bbox 1215 2084 1283 2158; x_wconf 85' lang='lat' dir='ltr'>esse</span> <span class='ocrx_word' id='word_1_135' title='bbox 1306 2087 1467 2160; x_wconf 82' lang='lat' dir='ltr'>duximus</span> <span class='ocrx_word' id='word_1_136' title='bbox 1490 2109 1689 2178; x_wconf 82' lang='lat' dir='ltr'>renovare,</span> <span class='ocrx_word' id='word_1_137' title='bbox 1713 2087 1758 2162; x_wconf 74' lang='lat' dir='ltr'>dc</span> 
     </span>
     <span class='ocr_line' id='line_1_18' title="bbox 565 2179 1762 2280; baseline 0.001 -26"><span class='ocrx_word' id='word_1_138' title='bbox 565 2181 601 2254; x_wconf 90' lang='lat' dir='ltr'>in</span> <span class='ocrx_word' id='word_1_139' title='bbox 616 2183 708 2256; x_wconf 89' lang='lat' dir='ltr'>hunc</span> <span class='ocrx_word' id='word_1_140' title='bbox 726 2183 950 2280; x_wconf 86' lang='lat' dir='ltr'>modumqui·</span> <span class='ocrx_word' id='word_1_141' title='bbox 972 2183 1124 2278; x_wconf 86' lang='lat' dir='ltr'>sequitur</span> <span class='ocrx_word' id='word_1_142' title='bbox 1138 2179 1350 2270; x_wconf 83' lang='lat' dir='ltr'>declarare,</span> <span class='ocrx_word' id='word_1_143' title='bbox 1373 2182 1414 2254; x_wconf 79' lang='lat' dir='ltr'>dt</span> <span class='ocrx_word' id='word_1_144' title='bbox 1448 2183 1679 2277; x_wconf 88' lang='lat' dir='ltr'>imposterum</span> <span class='ocrx_word' id='word_1_145' title='bbox 1703 2183 1762 2255; x_wconf 92' lang='lat' dir='ltr'>in-·</span> 
     </span>
     <span class='ocr_line' id='line_1_19' title="bbox 564 2272 1754 2372; baseline 0.003 -25"><span class='ocrx_word' id='word_1_146' title='bbox 564 2276 769 2352; x_wconf 76' lang='lat' dir='ltr'>violabiliter</span> <span class='ocrx_word' id='word_1_147' title='bbox 783 2276 975 2354; x_wconf 78' lang='lat' dir='ltr'>observare.</span> <span class='ocrx_word' id='word_1_148' title='bbox 1025 2275 1200 2368; x_wconf 84' lang='lat' dir='ltr'>Imprimis</span> <span class='ocrx_word' id='word_1_149' title='bbox 1215 2272 1400 2372; x_wconf 81' lang='lat' dir='ltr'>siquidem,</span> <span class='ocrx_word' id='word_1_150' title='bbox 1425 2297 1469 2345; x_wconf 90' lang='lat' dir='ltr'>ne</span> <span class='ocrx_word' id='word_1_151' title='bbox 1485 2299 1550 2369; x_wconf 90' lang='lat' dir='ltr'>per</span> <span class='ocrx_word' id='word_1_152' title='bbox 1573 2278 1754 2370; x_wconf 87' lang='lat' dir='ltr'>hujusmo-</span> 
     </span>
     <span class='ocr_line' id='line_1_20' title="bbox 559 2367 1759 2464; baseline -0.006 -16"><span class='ocrx_word' id='word_1_153' title='bbox 559 2371 596 2444; x_wconf 86' lang='lat' dir='ltr'>di</span> <span class='ocrx_word' id='word_1_154' title='bbox 619 2374 808 2450; x_wconf 83' lang='lat' dir='ltr'>absentiam</span> <span class='ocrx_word' id='word_1_155' title='bbox 828 2375 939 2448; x_wconf 84' lang='lat' dir='ltr'>cultus</span> <span class='ocrx_word' id='word_1_156' title='bbox 963 2370 1114 2446; x_wconf 86' lang='lat' dir='ltr'>Divinus</span> <span class='ocrx_word' id='word_1_157' title='bbox 1141 2367 1370 2461; x_wconf 84' lang='lat' dir='ltr'>diminuatur,</span> <span class='ocrx_word' id='word_1_158' title='bbox 1395 2369 1454 2443; x_wconf 91' lang='lat' dir='ltr'>sed</span> <span class='ocrx_word' id='word_1_159' title='bbox 1480 2389 1520 2441; x_wconf 92' lang='lat' dir='ltr'>ut</span> <span class='ocrx_word' id='word_1_160' title='bbox 1547 2371 1675 2464; x_wconf 73' lang='lat' dir='ltr'>potius·</span> <span class='ocrx_word' id='word_1_161' title='bbox 1694 2393 1759 2444; x_wconf 80' lang='lat' dir='ltr'>au·</span> 
     </span>
     <span class='ocr_line' id='line_1_21' title="bbox 559 2463 1756 2561; baseline -0.003 -21"><span class='ocrx_word' id='word_1_162' title='bbox 559 2485 701 2561; x_wconf 81' lang='lat' dir='ltr'>geatur,</span> <span class='ocrx_word' id='word_1_163' title='bbox 727 2468 765 2546; x_wconf 76' lang='lat' dir='ltr'>dt</span> <span class='ocrx_word' id='word_1_164' title='bbox 794 2469 974 2544; x_wconf 86' lang='lat' dir='ltr'>decentius</span> <span class='ocrx_word' id='word_1_165' title='bbox 999 2467 1222 2539; x_wconf 84' lang='lat' dir='ltr'>celebretur:</span> <span class='ocrx_word' id='word_1_166' title='bbox 1260 2466 1433 2539; x_wconf 70' lang='lat' dir='ltr'>Volumus</span> <span class='ocrx_word' id='word_1_167' title='bbox 1450 2463 1499 2537; x_wconf 69' lang='lat' dir='ltr'>&#39;dt</span> <span class='ocrx_word' id='word_1_168' title='bbox 1532 2465 1756 2554; x_wconf 70' lang='lat' dir='ltr'>ordinamur,</span> 
     </span>
     <span class='ocr_line' id='line_1_22' title="bbox 562 2555 1761 2661; baseline -0.005 -24"><span class='ocrx_word' id='word_1_169' title='bbox 562 2562 640 2637; x_wconf 81' lang='lat' dir='ltr'>utsr</span> <span class='ocrx_word' id='word_1_170' title='bbox 658 2565 761 2661; x_wconf 85' lang='lat' dir='ltr'>aliqui</span> <span class='ocrx_word' id='word_1_171' title='bbox 779 2564 838 2639; x_wconf 88' lang='lat' dir='ltr'>seu</span> <span class='ocrx_word' id='word_1_172' title='bbox 852 2565 972 2661; x_wconf 86' lang='lat' dir='ltr'>aliquis</span> <span class='ocrx_word' id='word_1_173' title='bbox 985 2563 1205 2636; x_wconf 83' lang='lat' dir='ltr'>confratrum</span> <span class='ocrx_word' id='word_1_174' title='bbox 1222 2555 1605 2632; x_wconf 77' lang='lat' dir='ltr'>&amp;concanonicorum</span> <span class='ocrx_word' id='word_1_175' title='bbox 1618 2557 1761 2632; x_wconf 81' lang='lat' dir='ltr'>nostro-</span> 
     </span>
     <span class='ocr_line' id='line_1_23' title="bbox 562 2650 1757 2752; baseline -0.005 -22"><span class='ocrx_word' id='word_1_176' title='bbox 562 2681 640 2730; x_wconf 86' lang='lat' dir='ltr'>rum</span> <span class='ocrx_word' id='word_1_177' title='bbox 654 2661 699 2736; x_wconf 86' lang='lat' dir='ltr'>ad</span> <span class='ocrx_word' id='word_1_178' title='bbox 716 2659 853 2752; x_wconf 87' lang='lat' dir='ltr'>presens</span> <span class='ocrx_word' id='word_1_179' title='bbox 869 2661 927 2732; x_wconf 82' lang='lat' dir='ltr'>vel</span> <span class='ocrx_word' id='word_1_180' title='bbox 950 2654 1178 2752; x_wconf 85' lang='lat' dir='ltr'>imposterum</span> <span class='ocrx_word' id='word_1_181' title='bbox 1195 2653 1231 2724; x_wconf 93' lang='lat' dir='ltr'>in</span> <span class='ocrx_word' id='word_1_182' title='bbox 1257 2650 1414 2747; x_wconf 73' lang='lat' dir='ltr'>pretatta</span> <span class='ocrx_word' id='word_1_183' title='bbox 1436 2651 1591 2727; x_wconf 82' lang='lat' dir='ltr'>Ecclesia</span> <span class='ocrx_word' id='word_1_184' title='bbox 1605 2657 1757 2749; x_wconf 87' lang='lat' dir='ltr'>preben-</span> 
     </span>
     <span class='ocr_line' id='line_1_24' title="bbox 561 2747 1761 2848; baseline -0.004 -23"><span class='ocrx_word' id='word_1_185' title='bbox 561 2753 634 2826; x_wconf 88' lang='lat' dir='ltr'>dati</span> <span class='ocrx_word' id='word_1_186' title='bbox 659 2755 715 2826; x_wconf 88' lang='lat' dir='ltr'>vel</span> <span class='ocrx_word' id='word_1_187' title='bbox 745 2756 997 2848; x_wconf 72' lang='lat' dir='ltr'>prehendatur,</span> <span class='ocrx_word' id='word_1_188' title='bbox 1024 2747 1201 2822; x_wconf 87' lang='lat' dir='ltr'>voluerint</span> <span class='ocrx_word' id='word_1_189' title='bbox 1234 2749 1292 2818; x_wconf 87' lang='lat' dir='ltr'>vel</span> <span class='ocrx_word' id='word_1_190' title='bbox 1319 2749 1473 2821; x_wconf 86' lang='lat' dir='ltr'>voluerit</span> <span class='ocrx_word' id='word_1_191' title='bbox 1498 2748 1543 2820; x_wconf 93' lang='lat' dir='ltr'>de</span> <span class='ocrx_word' id='word_1_192' title='bbox 1568 2768 1690 2820; x_wconf 88' lang='lat' dir='ltr'>cetero</span> <span class='ocrx_word' id='word_1_193' title='bbox 1717 2747 1761 2820; x_wconf 81' lang='lat' dir='ltr'>se³</span> 
     </span>
     <span class='ocr_line' id='line_1_25' title="bbox 562 2839 1757 2945; baseline -0.006 -23"><span class='ocrx_word' id='word_1_194' title='bbox 562 2848 740 2924; x_wconf 84' lang='lat' dir='ltr'>absentare</span> <span class='ocrx_word' id='word_1_195' title='bbox 765 2851 943 2945; x_wconf 84' lang='lat' dir='ltr'>exaliqua</span> <span class='ocrx_word' id='word_1_196' title='bbox 968 2842 1112 2920; x_wconf 78' lang='lat' dir='ltr'>honesta</span> <span class='ocrx_word' id='word_1_197' title='bbox 1131 2841 1238 2914; x_wconf 83' lang='lat' dir='ltr'>causa</span> <span class='ocrx_word' id='word_1_198' title='bbox 1260 2839 1299 2913; x_wconf 80' lang='lat' dir='ltr'>dt</span> <span class='ocrx_word' id='word_1_199' title='bbox 1325 2842 1544 2933; x_wconf 87' lang='lat' dir='ltr'>rationabili,</span> <span class='ocrx_word' id='word_1_200' title='bbox 1576 2843 1694 2916; x_wconf 80' lang='lat' dir='ltr'>habita</span> <span class='ocrx_word' id='word_1_201' title='bbox 1713 2843 1757 2915; x_wconf 78' lang='lat' dir='ltr'>li·¹</span> 
     </span>
     <span class='ocr_line' id='line_1_26' title="bbox 563 2935 1756 3036; baseline -0.006 -20"><span class='ocrx_word' id='word_1_202' title='bbox 563 2944 680 3018; x_wconf 85' lang='lat' dir='ltr'>centia</span> <span class='ocrx_word' id='word_1_203' title='bbox 701 2945 858 3035; x_wconf 85' lang='lat' dir='ltr'>Decani,</span> <span class='ocrx_word' id='word_1_204' title='bbox 885 2941 1068 3016; x_wconf 86' lang='lat' dir='ltr'>substituto</span> <span class='ocrx_word' id='word_1_205' title='bbox 1083 2937 1147 3013; x_wconf 87' lang='lat' dir='ltr'>fibi</span> <span class='ocrx_word' id='word_1_206' title='bbox 1159 2935 1350 3010; x_wconf 83' lang='lat' dir='ltr'>secundum</span> <span class='ocrx_word' id='word_1_207' title='bbox 1374 2940 1550 3036; x_wconf 87' lang='lat' dir='ltr'>antiquam</span> <span class='ocrx_word' id='word_1_208' title='bbox 1566 2937 1756 3012; x_wconf 87' lang='lat' dir='ltr'>consuetu·</span> 
     </span>
     <span class='ocr_line' id='line_1_27' title="bbox 562 3028 1763 3136; baseline -0.012 -22"><span class='ocrx_word' id='word_1_209' title='bbox 562 3039 680 3114; x_wconf 85' lang='lat' dir='ltr'>dinem</span> <span class='ocrx_word' id='word_1_210' title='bbox 697 3039 882 3136; x_wconf 87' lang='lat' dir='ltr'>Capeliano</span> <span class='ocrx_word' id='word_1_211' title='bbox 904 3061 973 3110; x_wconf 93' lang='lat' dir='ltr'>uno</span> <span class='ocrx_word' id='word_1_212' title='bbox 995 3037 1108 3132; x_wconf 83' lang='lat' dir='ltr'>probo</span> <span class='ocrx_word' id='word_1_213' title='bbox 1129 3028 1313 3105; x_wconf 88' lang='lat' dir='ltr'>&amp;idoneo</span> <span class='ocrx_word' id='word_1_214' title='bbox 1331 3089 1343 3122; x_wconf 96' lang='lat'>,</span> <span class='ocrx_word' id='word_1_215' title='bbox 1382 3033 1524 3128; x_wconf 78' lang='lat' dir='ltr'>aliisque</span> <span class='ocrx_word' id='word_1_216' title='bbox 1541 3033 1725 3107; x_wconf 76' lang='lat' dir='ltr'>Canonicit</span> <span class='ocrx_word' id='word_1_217' title='bbox 1740 3089 1763 3124; x_wconf 80' lang='lat'>,.</span> 
     </span>
     <span class='ocr_line' id='line_1_28' title="bbox 562 3126 1760 3211; baseline -0.011 0"><span class='ocrx_word' id='word_1_218' title='bbox 562 3135 669 3211; x_wconf 85' lang='lat' dir='ltr'>Chori</span> <span class='ocrx_word' id='word_1_219' title='bbox 697 3129 867 3209; x_wconf 76' lang='lat' dir='ltr'>consociis</span> <span class='ocrx_word' id='word_1_220' title='bbox 884 3137 920 3208; x_wconf 90' lang='lat' dir='ltr'>in</span> <span class='ocrx_word' id='word_1_221' title='bbox 936 3157 1028 3208; x_wconf 89' lang='lat' dir='ltr'>voce</span> <span class='ocrx_word' id='word_1_222' title='bbox 1066 3148 1172 3204; x_wconf 80' lang='lat' dir='ltr'>cantu</span> <span class='ocrx_word' id='word_1_223' title='bbox 1194 3126 1325 3202; x_wconf 89' lang='lat' dir='ltr'>ceteris</span> <span class='ocrx_word' id='word_1_224' title='bbox 1342 3149 1385 3200; x_wconf 90' lang='lat' dir='ltr'>ue</span> <span class='ocrx_word' id='word_1_225' title='bbox 1413 3130 1513 3202; x_wconf 88' lang='lat' dir='ltr'>chori</span> <span class='ocrx_word' id='word_1_226' title='bbox 1541 3127 1760 3201; x_wconf 78' lang='lat' dir='ltr'>ceremoniis·</span> 
     </span>
     <span class='ocr_line' id='line_1_29' title="bbox 563 3221 1758 3324; baseline -0.009 -18"><span class='ocrx_word' id='word_1_227' title='bbox 563 3229 738 3308; x_wconf 84' lang='lat' dir='ltr'>consorini</span> <span class='ocrx_word' id='word_1_228' title='bbox 754 3229 943 3307; x_wconf 90' lang='lat' dir='ltr'>secundum</span> <span class='ocrx_word' id='word_1_229' title='bbox 962 3249 1123 3303; x_wconf 88' lang='lat' dir='ltr'>tenorem</span> <span class='ocrx_word' id='word_1_230' title='bbox 1147 3223 1308 3324; x_wconf 87' lang='lat' dir='ltr'>primeve</span> <span class='ocrx_word' id='word_1_231' title='bbox 1362 3223 1536 3297; x_wconf 86' lang='lat' dir='ltr'>ndationis</span> <span class='ocrx_word' id='word_1_232' title='bbox 1562 3223 1654 3296; x_wconf 71' lang='lat' dir='ltr'>diste</span> <span class='ocrx_word' id='word_1_233' title='bbox 1671 3221 1758 3295; x_wconf 68' lang='lat' dir='ltr'>Ec-</span> 
     </span>
     <span class='ocr_line' id='line_1_30' title="bbox 563 3317 1754 3430; baseline -0.01 -30"><span class='ocrx_word' id='word_1_234' title='bbox 563 3327 675 3400; x_wconf 86' lang='lat' dir='ltr'>clesie.</span> <span class='ocrx_word' id='word_1_235' title='bbox 717 3327 788 3430; x_wconf 79' lang='lat' dir='ltr'>Qui</span> <span class='ocrx_word' id='word_1_236' title='bbox 811 3326 953 3421; x_wconf 89' lang='lat' dir='ltr'>quidem</span> <span class='ocrx_word' id='word_1_237' title='bbox 967 3322 1171 3418; x_wconf 84' lang='lat' dir='ltr'>Capelianus</span> <span class='ocrx_word' id='word_1_238' title='bbox 1186 3319 1359 3414; x_wconf 76' lang='lat' dir='ltr'>recipiens</span> <span class='ocrx_word' id='word_1_239' title='bbox 1375 3318 1545 3413; x_wconf 87' lang='lat' dir='ltr'>stipendia</span> <span class='ocrx_word' id='word_1_240' title='bbox 1564 3317 1604 3391; x_wconf 75' lang='grc' dir='ltr'>δι</span> <span class='ocrx_word' id='word_1_241' title='bbox 1618 3317 1754 3390; x_wconf 87' lang='lat' dir='ltr'>emolu·</span> 
     </span>
     <span class='ocr_line' id='line_1_31' title="bbox 562 3412 1760 3508; baseline -0.008 -14"><span class='ocrx_word' id='word_1_242' title='bbox 562 3441 681 3499; x_wconf 88' lang='lat' dir='ltr'>menta</span> <span class='ocrx_word' id='word_1_243' title='bbox 701 3419 866 3494; x_wconf 85' lang='lat' dir='ltr'>consueta</span> <span class='ocrx_word' id='word_1_244' title='bbox 891 3419 1091 3492; x_wconf 90' lang='lat' dir='ltr'>deserviens</span> <span class='ocrx_word' id='word_1_245' title='bbox 1118 3412 1253 3490; x_wconf 85' lang='lat' dir='ltr'>rite&amp;</span> <span class='ocrx_word' id='word_1_246' title='bbox 1282 3413 1401 3487; x_wconf 89' lang='lat' dir='ltr'>debite</span> <span class='ocrx_word' id='word_1_247' title='bbox 1427 3413 1605 3508; x_wconf 85' lang='lat' dir='ltr'>prebende</span> <span class='ocrx_word' id='word_1_248' title='bbox 1634 3413 1760 3508; x_wconf 79' lang='lat' dir='ltr'>hujus·</span> 
     </span>
     <span class='ocr_line' id='line_1_32' title="bbox 506 3507 1758 3603; baseline -0.009 -13"><span class='ocrx_word' id='word_1_249' title='bbox 506 3583 513 3590; x_wconf 86' lang='lat'>.</span> <span class='ocrx_word' id='word_1_250' title='bbox 564 3518 662 3590; x_wconf 91' lang='lat' dir='ltr'>modi</span> <span class='ocrx_word' id='word_1_251' title='bbox 685 3515 859 3603; x_wconf 86' lang='lat' dir='ltr'>absentis,</span> <span class='ocrx_word' id='word_1_252' title='bbox 893 3515 1071 3588; x_wconf 84' lang='lat' dir='ltr'>habebunt</span> <span class='ocrx_word' id='word_1_253' title='bbox 1093 3509 1133 3584; x_wconf 82' lang='lat' dir='ltr'>dt</span> <span class='ocrx_word' id='word_1_254' title='bbox 1157 3512 1353 3585; x_wconf 85' lang='lat' dir='ltr'>levabunt:</span> <span class='ocrx_word' id='word_1_255' title='bbox 1390 3507 1430 3581; x_wconf 73' lang='grc' dir='ltr'>ἃ</span> <span class='ocrx_word' id='word_1_256' title='bbox 1455 3507 1600 3603; x_wconf 87' lang='lat' dir='ltr'>quilibet</span> <span class='ocrx_word' id='word_1_257' title='bbox 1628 3528 1758 3582; x_wconf 81' lang='lat' dir='ltr'>eorum</span> 
     </span>
     <span class='ocr_line' id='line_1_33' title="bbox 501 3601 1757 3706; baseline -0.01 -19"><span class='ocrx_word' id='word_1_258' title='bbox 501 3626 502 3636; x_wconf 77' lang='grc'>’</span> <span class='ocrx_word' id='word_1_259' title='bbox 564 3610 718 3686; x_wconf 85' lang='lat' dir='ltr'>absentie</span> <span class='ocrx_word' id='word_1_260' title='bbox 734 3609 794 3682; x_wconf 87' lang='lat' dir='ltr'>sue</span> <span class='ocrx_word' id='word_1_261' title='bbox 817 3627 976 3706; x_wconf 90' lang='lat' dir='ltr'>tempore</span> <span class='ocrx_word' id='word_1_262' title='bbox 993 3610 1165 3697; x_wconf 85' lang='lat' dir='ltr'>durante,</span> <span class='ocrx_word' id='word_1_263' title='bbox 1199 3605 1326 3699; x_wconf 75' lang='lat' dir='ltr'>adepta</span> <span class='ocrx_word' id='word_1_264' title='bbox 1348 3604 1442 3699; x_wconf 85' lang='lat' dir='ltr'>prius</span> <span class='ocrx_word' id='word_1_265' title='bbox 1464 3601 1670 3699; x_wconf 77' lang='lat' dir='ltr'>possesione</span> <span class='ocrx_word' id='word_1_266' title='bbox 1690 3625 1757 3698; x_wconf 86' lang='lat' dir='ltr'>pa·</span> 
     </span>
     <span class='ocr_line' id='line_1_34' title="bbox 411 3697 1757 3796; baseline -0.005 -20"><span class='ocrx_word' id='word_1_267' title='bbox 411 3771 424 3786; x_wconf 79' lang='grc'>.,</span> <span class='ocrx_word' id='word_1_268' title='bbox 565 3705 685 3793; x_wconf 88' lang='lat' dir='ltr'>cifica,</span> <span class='ocrx_word' id='word_1_269' title='bbox 711 3704 750 3780; x_wconf 76' lang='lat' dir='ltr'>dt</span> <span class='ocrx_word' id='word_1_270' title='bbox 768 3724 805 3776; x_wconf 91' lang='lat' dir='ltr'>ut</span> <span class='ocrx_word' id='word_1_271' title='bbox 821 3703 927 3777; x_wconf 88' lang='lat' dir='ltr'>moris</span> <span class='ocrx_word' id='word_1_272' title='bbox 950 3702 1000 3776; x_wconf 93' lang='lat' dir='ltr'>est</span> <span class='ocrx_word' id='word_1_273' title='bbox 1015 3705 1112 3777; x_wconf 87' lang='lat' dir='ltr'>annis</span> <span class='ocrx_word' id='word_1_274' title='bbox 1163 3702 1251 3774; x_wconf 85' lang='lat' dir='ltr'>ratic</span> <span class='ocrx_word' id='word_1_275' title='bbox 1273 3699 1332 3772; x_wconf 93' lang='lat' dir='ltr'>seu</span> <span class='ocrx_word' id='word_1_276' title='bbox 1355 3701 1477 3796; x_wconf 80' lang='lat' dir='ltr'>quovis</span> <span class='ocrx_word' id='word_1_277' title='bbox 1501 3697 1569 3774; x_wconf 87' lang='lat' dir='ltr'>alio</span> <span class='ocrx_word' id='word_1_278' title='bbox 1588 3717 1757 3790; x_wconf 87' lang='lat' dir='ltr'>tempore</span> 
     </span>
     <span class='ocr_line' id='line_1_35' title="bbox 563 3725 1757 3903; baseline -0.011 -26"><span class='ocrx_word' id='word_1_279' title='bbox 563 3822 644 3877; x_wconf 86' lang='lat' dir='ltr'>ante</span> <span class='ocrx_word' id='word_1_280' title='bbox 659 3801 900 3875; x_wconf 86' lang='lat' dir='ltr'>incoationem</span> <span class='ocrx_word' id='word_1_281' title='bbox 923 3799 1107 3873; x_wconf 77' lang='lat' dir='ltr'>residentie</span> <span class='ocrx_word' id='word_1_282' title='bbox 1132 3725 1192 3869; x_wconf 72' lang='lat' dir='ltr'>site</span> <span class='ocrx_word' id='word_1_283' title='bbox 1214 3815 1376 3903; x_wconf 77' lang='lat' dir='ltr'>cqngruo</span> <span class='ocrx_word' id='word_1_284' title='bbox 1392 3793 1530 3888; x_wconf 84' lang='lat' dir='ltr'>elapfis,</span> <span class='ocrx_word' id='word_1_285' title='bbox 1558 3791 1617 3898; x_wconf 83' lang='lat' dir='ltr'>sex</span> <span class='ocrx_word' id='word_1_286' title='bbox 1646 3789 1757 3865; x_wconf 74' lang='lat' dir='ltr'>librae</span> 
     </span>
     <span class='ocr_line' id='line_1_36' title="bbox 563 3884 1789 3994; baseline -0.012 -23"><span class='ocrx_word' id='word_1_287' title='bbox 563 3895 754 3994; x_wconf 76' lang='lat' dir='ltr'>grossorum</span> <span class='ocrx_word' id='word_1_288' title='bbox 775 3911 918 3970; x_wconf 88' lang='lat' dir='ltr'>monete</span> <span class='ocrx_word' id='word_1_289' title='bbox 940 3895 1101 3968; x_wconf 85' lang='lat' dir='ltr'>Fla-ndrie</span> <span class='ocrx_word' id='word_1_290' title='bbox 1128 3889 1266 3986; x_wconf 79' lang='lat' dir='ltr'>singulis</span> <span class='ocrx_word' id='word_1_291' title='bbox 1290 3890 1388 3963; x_wconf 78' lang='lat' dir='ltr'>annis</span> <span class='ocrx_word' id='word_1_292' title='bbox 1405 3913 1456 3964; x_wconf 81' lang='lat' dir='ltr'>ex</span> <span class='ocrx_word' id='word_1_293' title='bbox 1477 3884 1646 3958; x_wconf 75' lang='lat' dir='ltr'>frut&#39;trbus</span> <span class='ocrx_word' id='word_1_294' title='bbox 1696 3907 1754 3957; x_wconf 88' lang='lat' dir='ltr'>re·</span> <span class='ocrx_word' id='word_1_295' title='bbox 1782 3933 1789 3938; x_wconf 85' lang='lat'>-</span> 
     </span>
     <span class='ocr_line' id='line_1_37' title="bbox 564 3981 1752 4089; baseline -0.015 -19"><span class='ocrx_word' id='word_1_296' title='bbox 564 3994 676 4070; x_wconf 79' lang='lat' dir='ltr'>bonde</span> <span class='ocrx_word' id='word_1_297' title='bbox 695 3993 754 4066; x_wconf 90' lang='lat' dir='ltr'>sue</span> <span class='ocrx_word' id='word_1_298' title='bbox 770 4016 833 4089; x_wconf 86' lang='lat' dir='ltr'>per</span> <span class='ocrx_word' id='word_1_299' title='bbox 848 4012 969 4064; x_wconf 86' lang='lat' dir='ltr'>manus</span> <span class='ocrx_word' id='word_1_300' title='bbox 988 3987 1208 4065; x_wconf 83' lang='lat' dir='ltr'>Reddituarii</span> <span class='ocrx_word' id='word_1_301' title='bbox 1224 3984 1330 4057; x_wconf 87' lang='lat' dir='ltr'>nostri</span> <span class='ocrx_word' id='word_1_302' title='bbox 1344 4007 1411 4079; x_wconf 91' lang='lat' dir='ltr'>pro</span> <span class='ocrx_word' id='word_1_303' title='bbox 1428 4000 1499 4052; x_wconf 87' lang='lat' dir='ltr'>tem</span> <span class='ocrx_word' id='word_1_304' title='bbox 1527 4001 1624 4054; x_wconf 88' lang='lat' dir='ltr'>oree</span> <span class='ocrx_word' id='word_1_305' title='bbox 1650 3981 1658 3994; x_wconf 88' lang='lat'>&#39;</span> <span class='ocrx_word' id='word_1_306' title='bbox 1713 4003 1752 4053; x_wconf 90' lang='lat' dir='ltr'>n·</span> 
     </span>
     <span class='ocr_line' id='line_1_38' title="bbox 563 4075 1757 4182; baseline -0.01 -20"><span class='ocrx_word' id='word_1_307' title='bbox 563 4092 607 4163; x_wconf 82' lang='lat' dir='ltr'>tis</span> <span class='ocrx_word' id='word_1_308' title='bbox 625 4091 730 4163; x_wconf 90' lang='lat' dir='ltr'>libere</span> <span class='ocrx_word' id='word_1_309' title='bbox 745 4087 857 4164; x_wconf 84' lang='lat' dir='ltr'>&amp;tali</span> <span class='ocrx_word' id='word_1_310' title='bbox 880 4087 1124 4182; x_wconf 84' lang='lat' dir='ltr'>prerogativa,</span> <span class='ocrx_word' id='word_1_311' title='bbox 1149 4099 1264 4177; x_wconf 88' lang='lat' dir='ltr'>prout·</span> <span class='ocrx_word' id='word_1_312' title='bbox 1276 4079 1441 4150; x_wconf 74' lang='lat' dir='ltr'>statutum</span> <span class='ocrx_word' id='word_1_313' title='bbox 1459 4101 1499 4166; x_wconf 27' lang='lat' dir='ltr'>e·</span> <span class='ocrx_word' id='word_1_314' title='bbox 1522 4130 1534 4164; x_wconf 91' lang='lat'>,</span> <span class='ocrx_word' id='word_1_315' title='bbox 1558 4075 1604 4150; x_wconf 84' lang='lat' dir='ltr'>de</span> <span class='ocrx_word' id='word_1_316' title='bbox 1674 4093 1757 4150; x_wconf 80' lang='lat' dir='ltr'>arta·</span> 
     </span>
     <span class='ocr_line' id='line_1_39' title="bbox 560 4171 1757 4280; baseline -0.013 -20"><span class='ocrx_word' id='word_1_317' title='bbox 560 4185 693 4260; x_wconf 84' lang='lat' dir='ltr'>fabrice</span> <span class='ocrx_word' id='word_1_318' title='bbox 717 4207 781 4280; x_wconf 90' lang='lat' dir='ltr'>per</span> <span class='ocrx_word' id='word_1_319' title='bbox 806 4181 983 4280; x_wconf 86' lang='lat' dir='ltr'>prefatum</span> <span class='ocrx_word' id='word_1_320' title='bbox 1007 4179 1182 4274; x_wconf 87' lang='lat' dir='ltr'>quondam</span> <span class='ocrx_word' id='word_1_321' title='bbox 1206 4175 1400 4246; x_wconf 88' lang='lat' dir='ltr'>Dominum</span> <span class='ocrx_word' id='word_1_322' title='bbox 1432 4171 1477 4244; x_wconf 90' lang='lat' dir='ltr'>de</span> <span class='ocrx_word' id='word_1_323' title='bbox 1505 4173 1624 4243; x_wconf 79' lang='lat' dir='ltr'>Gaetit</span> <span class='ocrx_word' id='word_1_324' title='bbox 1645 4195 1663 4240; x_wconf 83' lang='lat' dir='ltr'>e</span> <span class='ocrx_word' id='word_1_325' title='bbox 1682 4192 1757 4245; x_wconf 83' lang='lat' dir='ltr'>una·</span> 
     </span>
    </p>
   </div>
   <div class='ocr_carea' id='block_1_3' title="bbox 418 4263 1757 4438">
    <p class='ocr_par' dir='ltr' id='par_1_3' title="bbox 418 4263 1757 4438">
     <span class='ocr_line' id='line_1_40' title="bbox 418 4263 1757 4438; baseline -0.018 -75"><span class='ocrx_word' id='word_1_326' title='bbox 418 4367 422 4380; x_wconf 69' lang='grc'>,</span> <span class='ocrx_word' id='word_1_327' title='bbox 559 4277 949 4360; x_wconf 81' lang='lat' dir='ltr'>tumPtedeceisoribur</span> <span class='ocrx_word' id='word_1_328' title='bbox 967 4273 1104 4352; x_wconf 78' lang='lat' dir='ltr'>nostris.</span> <span class='ocrx_word' id='word_1_329' title='bbox 1153 4268 1200 4347; x_wconf 82' lang='lat' dir='ltr'>Et</span> <span class='ocrx_word' id='word_1_330' title='bbox 1217 4289 1263 4348; x_wconf 85' lang='lat' dir='ltr'>ut</span> <span class='ocrx_word' id='word_1_331' title='bbox 1276 4263 1593 4365; x_wconf 74' lang='lat' dir='ltr'>supraumonera</span> <span class='ocrx_word' id='word_1_332' title='bbox 1611 4263 1757 4438; x_wconf 54' lang='lat' dir='ltr'>preque</span> 
     </span>
    </p>
   </div>
   <div class='ocr_carea' id='block_1_4' title="bbox 0 0 1988 5159">
    <p class='ocr_par' dir='ltr' id='par_1_4' title="bbox 0 0 1988 5159">
     <span class='ocr_line' id='line_1_41' title="bbox 0 0 1988 5159; baseline 0 0"><span class='ocrx_word' id='word_1_333' title='bbox 0 0 1988 5159; x_wconf 95' lang='lat' dir='ltr'> </span> 
     </span>
    </p>
   </div>
  </div>
 </body>
</html>
