3959 5159
80 577 82 580 ,
232 508 272 601 ·,
318 489 1289 584 cnurrurrouuuvntu‘reusrs.
1357 521 1451 601 109„

242 661 434 771 geatelinro
449 662 490 740 dt
504 634 686 765 vigesimo.
735 666 782 741 Et
806 663 958 761 seqnitur
984 662 1160 763 lignetum
1179 664 1338 761 ejusdem
1360 666 1433 745 Do·
1460 699 1564 769 1520.

80 851 82 858 y
241 760 329 835 turni
350 761 527 835 ualent

473 996 1202 1116 CHARTAXLl.

274 1364 283 1376 ‚
396 1272 553 1360 Novem
579 1272 737 1359 statuta
761 1295 861 1353 nova
888 1269 1031 1359 &tria
1038 1270 1270 1379 juramenta.

361 1522 414 1595 Os
435 1524 602 1597 Decanut
627 1520 670 1597 dt
697 1519 894 1615 Capitulum
917 1517 1074 1594 Ecclelie
1103 1519 1296 1618 collegiate
1325 1522 1432 1598 Beate
1466 1556 1572 1629 ³517·

379 1619 501 1693 Marte
518 1618 676 1714 Virginis
691 1616 729 1689 iu
751 1616 969 1703 Gheerwlirt,
1005 1617 1242 1711 capitulariter
1264 1616 1300 1689 in
1325 1619 1436 1693 domo

243 1712 360 1787 nostra
383 1711 574 1808 capitulari
600 1712 823 1808 congregati,
849 1709 968 1783 nostre
989 1730 1112 1785 nature
1134 1711 1356 1809 'fragilitatem
1380 1732 1431 1789 at·

242 1810 444 1883 tendentes:
509 1807 646 1905 uodwe
660 1826 778 1879 morte
791 1804 875 1879 nibil
892 1805 1047 1896 certius,
1071 1806 1160 1882 hura
1175 1824 1293 1883 autern
1308 1810 1431 1883 mortis

243 1904 408 1977 incertius
429 1904 502 1979 nihi
524 1956 537 1993 ,
561 1903 748 1998 omniaque
769 1900 815 1975 ad
838 1903 967 1977 bonam
991 1924 1118 1996 pacem
1142 1901 1182 1977 dt
1205 1906 1432 1979 concordiam

244 1999 414 2073 reducere
430 2014 537 2097 atque
560 1997 676 2071 litibus
695 1997 809 2070 finem
832 1996 1040 2091 imponere,
1067 2020 1108 2071 ac
1132 1996 1249 2071 nostre
1273 2000 1432 2073 omnium
1592 2010 1605 2025 '

243 2093 340 2169 saluti
352 2116 395 2167 ac
417 2092 591 2169 honestati
613 2091 794 2166 consulere
823 2093 1025 2186 cupientes,
1052 2091 1136 2165 hinc
1164 2090 1330 2189 estquod
1352 2092 1433 2169 Nos

241 2207 381 2263 matura
408 2187 556 2286 desuper
582 2185 834 2263 deliberatione
853 2187 1065 2283 prehabita,
1094 2186 1155 2261 sub
1178 2188 1330 2263 articulis
1354 2189 1430 2265 sub·

80 2339 81 2358 l
240 2282 461 2381 sequentibus
476 2284 513 2357 in
527 2284 621 2357 ltunc
632 2283 778 2356 modum
796 2280 976 2356 statuimus
990 2280 1030 2355 dt
1048 2282 1258 2359 ordinamus.
1309 2284 1355 2357 Et
1363 2308 1433 2383 pro

238 2376 376 2457 statutis
395 2379 647 2478 capitularibus
668 2374 899 2477 imposterum
921 2374 1101 2453 observari
1116 2378 1286 2453 volumus.

263 2473 466 2568 'Imprimis
486 2474 580 2571 quod
602 2470 829 2567 unusquisque
852 2472 974 2568 plenus
1000 2471 1039 2547 dt
1063 2472 1212 2547 relidens
1230 2475 1429 2549 canonico-

237 2590 322 2643 rum
344 2566 418 2643 live
442 2566 667 2642 Constatrum
696 2564 911 2655 nostrorum,
943 2565 968 2639 li
990 2566 1223 2665 supervixerit
1247 2568 1283 2643 in
1308 2570 1430 2667 primis

238 2662 327 2739 Ves
365 2662 412 2739 ris
449 2660 597 2741 infesto
624 2660 774 2757 Philippi
803 2658 843 2736 ἃ
879 2662 1003 2759 Jacobi
1036 2663 1201 2760 gaudebit
1232 2664 1288 2747 de¹
1309 2664 1430 2764 groffis

238 2756 982 2851 smfflmmfflfflm

166 2898 170 2904 ι
290 2856 382 2928 Item
396 2854 490 2951 quod
505 2852 599 2927 unus
613 2852 730 2949 nisque
748 2854 1007 2927 Canonicorum
1022 2854 1057 2927 in
1081 2856 1260 2933 Prebenda
1277 2857 1335 2937 sua
1351 2879 1428 2953 per·

80 2971 82 2980 ’
242 2948 403 3024 sonaliter
417 2948 570 3025 relidens
643 2950 784 3043 plenus,
810 2946 1084 3043 fisupervixerit
1101 2954 1137 3027 in
1156 2952 1313 3050 profesio
1327 2954 1430 3053 Jaco-

242 3046 279 3119 bi
292 3045 330 3118 in
344 3044 436 3141 Julio
451 3045 487 3121 in
502 3044 625 3157 primis
640 3043 832 3140 vesperis,
857 3044 1023 3138 gaudebit
1051 3044 1187 3146 integre
1213 3046 1251 3123 dt
1275 3050 1430 3125 totaliter

80 3213 81 3230 ,
242 3140 288 3213 de
309 3139 408 3221 bonis
424 3138 683 3236 Capttularibus
698 3139 771 3215 live
787 3138 832 3213 de
854 3138 1042 3217 Rausoniis
1058 3166 1126 3241 que
1142 3144 1234 3221 inter
1257 3143 1429 3241 Capitula·

244 3258 300 3308 res
316 3235 427 3309 solent
446 3236 567 3310 dividi.
681 3248 695 3281 ⁹
1096 3256 1100 3265 ’

291 3330 802 3432 1temquodtalissepeditlus
824 3333 1021 3411 eanonicus
1039 3330 1062 3406 st
1088 3355 1154 3429 pro
1179 3333 1303 3431 majori
1325 3350 1429 3500 parte

81 3441 82 3448 ’
244 3424 368 3500 mensus
382 3423 635 3523 supervixerit,
661 3432 829 3526 gaudebit
849 3432 894 3506 de
919 3429 1098 3503 memoriis
1128 3428 1217 3503 illius
1243 3450 1323 3501 men
1337 3452 1365 3501 rs
1390 3426 1430 3504 dt

81 3611 82 3636 ἢ
243 3521 372 3594 ceteris
386 3522 676 3633 quibuscumque:
700 3527 749 3597 fin
762 3546 903 3637 antem,
928 3522 1094 3621 gaudebit
1109 3522 1299 3601 secundum
1318 3543 1430 3602 ratam

241 3620 935 3826 terptpqlnzugpinppprtgpfigqiqglgtuaqinglbffi
967 3714 1136 3793 Canonici
1165 3716 1312 3809 infirmi,
1347 3702 1463 3792 cum'

239 3803 490 3897 sacramento,
512 3830 613 3883 more
625 3811 766 3901 debtto,
806 3812 925 3889 uilibet
938 3811 1175 3889 Dominorum
1189 3812 1329 3889 habebit
1341 3814 1429 3885 duos

213 3896 408 3991 'luterum
433 3902 474 3979 dt
588 3905 668 3981 llani
697 3905 771 3979 fise
835 3906 1122 3997 icarii‚1>sttor,
1155 3909 1300 4005 quilibet
1321 3926 1431 3977 unum

239 3992 427 4089 stttserum,
453 3996 539 4075 &C
564 4002 711 4077 oralium
727 4000 872 4097 quilibet
896 4002 1040 4076 habebit
1062 4002 1225 4095 grossum.
1274 4000 1322 4071 Et
1342 3996 1433 4075 lirni-

240 4086 318 4197 liter
342 4094 523 4171 habebunt
544 4095 720 4186 Domini,
752 4094 955 4190 Capellani,
980 4092 1122 4189 Pastor,
1147 4092 1188 4169 dt
1208 4094 1371 4175 cnonles
1394 4096 1432 4174 in

242 4182 439 4266 vrfitatione
454 4191 586 4266 infirmi
602 4217 686 4268 eum
701 4194 869 4269 Extrema
885 4188 1075 4264 Undiione.

152 4290 161 4297 '
286 4279 379 4359 stem
392 4286 491 4386 quod
510 4286 659 4367 Domini
680 4310 747 4387 pro
774 4286 902 4459 vigiliis
929 4287 968 4364 in
991 4285 1104 4367 dotno
1121 4286 1276 4369 desnoili
1304 4288 1430 4368 decan·

858 4406 878 4481 3
1355 4404 1431 4460 tan·
