3959 5159
330 474 657 573 CAPITULI
687 468 1310 563 GEERVLIETENSIS.
1356 496 1431 572 113

239 662 333 737 tium
346 649 556 740 Hollaudie‚
581 648 673 722 inter
699 646 767 723 alia
787 644 855 722 fuit
878 644 1081 721 ordinatum
1115 643 1373 741 statutumque,
1398 652 1564 743 ut1478.

87 763 88 786 ¹
242 758 451 854 quicumque
467 746 720 823 Canonicatum
734 743 808 826 five
822 743 1040 819 Prebendam
1053 740 1253 839 hujusmodi
1269 740 1437 831 Ecclelie,

87 861 88 864 ’
241 846 480 950 quevacaffet
497 866 562 941 per
578 860 752 931 mortem,
778 840 1023 937 affignaretur,
1052 839 1112 933 (a)
1137 838 1276 911 cunrad
1296 837 1438 910 eosdem

241 972 305 1045 per
326 943 526 1041 Capitulum
541 938 782 1032 reciperetur,
806 940 895 1011 ultra
910 938 1061 1036 quedam
1086 934 1151 1008 alia
1168 934 1248 1029 juta
1276 956 1343 1027 que
1369 956 1438 1028 pro

86 1055 87 1122 ἶ
237 1043 397 1139 jocundo
412 1040 567 1114 adventu
582 1031 842 1107 consueverunt
854 1032 963 1123 solvi,
983 1032 1099 1107 etiam
1124 1030 1251 1103 decem
1268 1029 1304 1101 in
1320 1050 1438 1121 prom·

86 1177 87 1208 ι
237 1141 309 1236 ptis
332 1136 493 1248 pecuniis
516 1130 646 1227 Anglie
674 1128 820 1205 Nobilia
846 1128 1025 1220 solveret,
1049 1150 1117 1225 que
1145 1142 1438 1201 converterentur

237 1252 412 1331 emptrom
442 1230 547 1335 unius
561 1224 675 1299 fimilis
698 1224 839 1299 Nobilis
868 1225 1002 1298 censor.
1015 1224 1196 1321 perpetui,
1223 1245 1289 1317 pro
1306 1218 1437 1331 lunda·
1532 1312 1536 1321 ι

235 1332 338 1404 tione
365 1328 405 1404 dt
433 1326 617 1399 dotatione
638 1317 1035 1416 grossorumlruttuum
1057 1322 1258 1395 Dectnatus
1283 1314 1438 1411 ejusdem

198 1410 204 1423 ¹
233 1424 397 1498 Ecclelic
419 1442 507 1495 tunc
535 1436 608 1494 tem
636 1418 707 1492 oris
737 1440 810 1489 non
837 1414 941 1490 facte.
1009 1416 1089 1519 Qua
1115 1414 1334 1489 ordinatione
1367 1412 1439 1495 stuc

232 1520 371 1593 statuto
395 1519 563 1590 Decanus
627 1512 829 1619 ‘Canonici
861 1537 929 1621 pro
960 1530 1130 1605 ¹tempore
1153 1510 1341 1585 existentes
1362 1507 1439 1583 fere

233 1618 407 1710 monuo
431 1609 525 1686 abusr
544 1606 698 1696 fuerint,
723 1629 820 1679 nunc
842 1607 1009 1681 vtdelicet
1031 1608 1156 1688 cadem
1180 1606 1326 1681 Nobilia
1348 1605 1437 1679 reci·
1502 1670 1508 1683 .

234 1713 336 1806 piens
362 1710 546 1791 Decanus,
571 1725 667 1777 nunc
691 1725 780 1775 vero
806 1703 1008 1792 Canonici,
1041 1722 1102 1777 aut
1127 1704 1215 1777 alter
1247 1725 1368 1775 eorum
1393 1726 1435 1791 ae

235 1807 381 1905 quilibet
395 1801 523 1877 rei-sue
540 1796 733 1893 private&
752 1820 828 1871 non
847 1798 923 1873 usui
944 1796 1106 1894 preditio
1137 1798 1212 1909 ipsu
1242 1798 1432 1895 applicans.

234 1904 290 1975 lta
309 1920 348 1973 ut
360 1896 510 1995 proinde
525 1895 618 1968 inter
632 1894 821 1968 Decanum
839 1892 879 1967 dt
894 1894 1092 1969 Canonicos
1109 1894 1308 1989 hujusmodi
1324 1894 1433 1967 multe

235 1997 369 2071 metim
383 1995 461 2068 lites
484 2010 630 2077 exorte,
654 1990 825 2087 multique
848 1987 1026 2085 procellos
1066 1988 1234 2077 suscitati,
1270 2013 1335 2085 pro
1360 1989 1433 2085 qui·

234 2096 301 2169 bur
315 2092 433 2167 litibus
446 2088 525 2161 ,five
544 2084 757 2194 ptoceffibus
769 2084 974 2161 sustinendis
995 2085 1145 2159 multum
1162 2085 1332 2178 temporis
1349 2085 1435 2157 mul-

235 2207 385 2284 tumque
399 2182 584 2258 substantte
606 2178 817 2255 eorumsrne
840 2182 908 2256 ulla
926 2180 1101 2269 {utilitate
1122 2179 1231 2255 fuerit
1263 2180 1433 2253 comsum-

238 2300 362 2393 ptum,
387 2303 457 2355 nec
469 2294 616 2387 propter
632 2276 721 2383 ipsas
737 2274 924 2353 discordias
940 2276 1006 2373 ipsi
1024 2276 1190 2351 Decanus
1205 2274 1245 2350 dt
1262 2278 1432 2351 Canonici

236 2374 533 2453 rtaftaternaltter
550 2372 707 2447 vixerint
720 2390 760 2446 ut
779 2372 976 2461 debebant,
1004 2373 1041 2447 in
1069 2373 1220 2447 dedecus
1237 2394 1368 2447 «eorum
1392 2371 1433 2447 dt
1540 2378 1548 2387 '

103 2476 108 2488 '
236 2496 312 2547 non
325 2490 474 2568 parvam
485 2466 659 2565 nuaram
674 2486 950 2543 commemorate
963 2467 1130 2547 Ecclefie.
1155 2470 1252 2542 Hinc
1273 2466 1432 2567 estquod

237 2566 475 2643 venerabiles
497 2564 552 2633 uir
581 2558 755 2655 Magister
778 2566 913 2637 Carolus
932 2564 1045 2640 tollor
1077 2586 1170 2639 nunc
1201 2563 1366 2639 Decanus
1388 2579 1432 2636 ex

234 2688 329 2751 una,
353 2658 395 2735 ἃ
409 2658 585 2735 Dominus
606 2662 750 2749 Jrannes
769 2658 859 2748 Dyl,
883 2660 1059 2735 Dominus
1082 2663 1203 2737 Petrus
1224 2662 1323 2752 Cock,
1348 2662 1430 2735 Ma·

189 2741 194 2751 ⁸
237 2758 348 2856 gister
362 2747 555 2829 'Thremitus
572 2754 612 2826 le
631 2756 769 2843 Stryen,
793 2754 964 2850 Magister
978 2758 1149 2850 Philippus
1185 2757 1306 2848 Bufflot
1316 2814 1327 2850 ‚
1353 2758 1429 2829 Do.

234 2855 352 2962 minus
366 2854 510 2965 Joerrtes
523 2851 561 2923 de
582 2854 714 2960 Strare,
730 2850 914 2960 'Dominus
929 2857 1072 2960 joannes
1097 2856 1135 2925 de
1157 2856 1331 2949 Fribourg,
1348 2853 1430 2927 Ma·

262 2947 341 3059 rster
358 2949 553 3021 Gurllermrrs
576 2945 773 3055 Momm,
794 2944 834 3054 dt
850 2947 1025 3057 Donnnus
1040 2950 1181 3042 Jacobut
1196 2951 1334 3042 Judoci,
1349 2970 1428 3044 pre·

236 3041 1428 3235 samaritana’malassislitaniam

235 3236 345 3309 finem
360 3196 564 3329 imponere,
589 3230 720 3329 iplique
740 3192 857 3310 abusui
878 3234 1024 3307 omniuo
1039 3166 1246 3328 providere,
1273 3233 1343 3328 dub
1364 3232 1429 3327 ipst

99 3391 102 3401 .
236 3330 356 3427 suique
377 3326 587 3403 successores
613 3327 753 3403 Decani
767 3326 807 3401 dt
828 3328 998 3401 Canonici
1012 3327 1115 3423 ipstus
1134 3326 1288 3403 Ecclclie
1314 3327 1350 3399 in
1370 3350 1430 3422 pa·

98 4006 115 4046 0

237 3449 281 3499 ce
311 3424 490 3499 constituti
515 3426 554 3498 in
579 3420 677 3495 srmul
700 3422 868 3517 deinceps
899 3424 1112 3498 amicabilius
1137 3424 1290 3511 vivant,
1323 3441 1428 3519 atque

232 3544 363 3599 eorum
379 3519 567 3595 eoncordia
591 3516 632 3593 dt
661 3540 759 3593 amor
779 3517 852 3591 srve
875 3516 1017 3593 dileetio
1037 3520 1129 3593 inter
1154 3542 1215 3593 cos
1234 3519 1424 3609 nutriatur,

259 3638 345 3689 uem
358 3614 425 3689 suis
444 3614 620 3712 Apostolis
639 3612 802 3709 precepit
816 3612 992 3689 Dominus
1014 3638 1055 3689 ac
1072 3614 1291 3711 Redemptor
1307 3614 1425 3689 noster

233 3641 346 3806 iustis
372 3712 576 3799 Cuntsros,
601 3710 693 3784 ineo
709 3710 840 3805 paritet
855 3728 1100 3785 convenerunt
1117 3714 1421 3806 conveniuntque:

235 3806 341 3906 Quod
359 3804 526 3881 videlicet
549 3804 613 3901 ipfi
636 3805 806 3879 Canonici
828 3804 1061 3900 presentes&
1088 3805 1197 3881 futuri
1231 3809 1424 3897 deinceps,

172 3916 176 3923 ·
233 3902 496 3997 respondebunt
510 3925 553 3977 ae
569 3924 614 3975 ex
639 3924 733 3975 nunc
753 3898 966 3993 respondent
988 3899 1085 3975 dicto
1107 3905 1254 3977 Decano
1278 3922 1424 3985 eorum,

258 3998 388 4073 tescnti
415 3994 455 4071 dt
485 3996 629 4084 futuro,
654 3996 700 4069 de
722 3994 781 4067 sex
805 3994 1111 4091 librisgrollotum
1139 3994 1313 4069 frudloum
1343 3989 1426 4067 didli

224 4133 229 4145 ⁵
272 4111 438 4173 emortus
453 4094 612 4171 nondum
628 4088 743 4170 falla:
771 4085 809 4163 dt
824 4089 962 4167 easdem
976 4088 1037 4163 sex
1055 4089 1157 4167 librar
1174 4086 1366 4188 groffomm
1379 4112 1425 4166 ex

1304 4208 1423 4283 prome

276 4224 443 4371 (alliget
463 4282 706 4367 allequercmr.
807 4260 815 4269 ⁹

281 4387 476 4469 Tam-Ill.
498 4392 589 4465 Pars
613 4412 647 4465 2.
771 4408 775 4413 ·
926 4384 954 4459 Ρ
1094 4434 1098 4439 ·
