3959 5159
1832 146 1906 437 i

535 489 592 548 er
656 542 661 552 ,
712 453 1011 544 PRIMA
1066 450 1547 546 Fuluuauio
1599 498 1602 507 ’

395 649 512 732 ³³⁰⁷·
537 631 677 802 iiiiii
698 619 991 818 iiiiii
1011 624 1480 818 iiiiiiiitiiigii
1519 631 1621 804 iii
1645 642 1738 810 ‘iii‘

536 820 703 918 ghenden
718 817 812 893 ende
825 837 938 893 eenen
952 814 1132 892 eersamen
1146 817 1268 890 Vader
1284 817 1319 891 in
1355 819 1446 893 aede
1463 821 1609 900 Heeren
1630 830 1739 906 onsen

537 918 674 988 Lieven
706 915 853 990 Heeren
890 915 1000 1002 Guyrn
1048 912 1186 1008 Byscop
1214 933 1283 985 van
1351 913 1490 1006 trecht,
1522 919 1582 993 dat
1600 919 1649 1018 hy
1671 927 1739 999 alle

535 1011 618 1084 dese
641 1008 842 1082 voirscreve
866 1007 1012 1084 stucken
1034 1010 1083 1103 by
1107 1006 1216 1104 synen
1240 1030 1352 1100 vryen
1378 1009 1469 1084 wille
1493 1011 1563 1091 iate
1590 1018 1737 1112 wesen,

535 1107 627 1180 ende
649 1103 908 1180 confirmeeren
923 1103 1015 1176 wilie
1036 1103 1127 1174 ende
1142 1101 1311 1196 syneune
1337 1101 1393 1176 hel
1414 1105 1646 1201 inkenniffen
1667 1139 1738 1190 ran

537 1203 602 1276 alie
628 1199 726 1272 deser
754 1199 909 1294 dinghen
940 1214 1052 1270 voren
1082 1195 1249 1292 henghen
1276 1125 1368 1270 wfiie
1399 1223 1467 1274 aen
1497 1203 1604 1280 desen
1637 1229 1735 1305 tege-

538 1295 734 1388 woirdighe
749 1293 854 1380 brief,
879 1290 972 1367 ende
989 1314 1049 1386 wy
1066 1295 1138 1381 Gay
1162 1289 1243 1386 (aa)
1267 1293 1315 1385 by
1336 1293 1398 1366 der
1421 1295 1618 1374 Ghenaden
1636 1305 1736 1381 Godr

537 1390 663 1483 Biscop
680 1410 748 1460 van
766 1385 942 1476 Utrecht‚
969 1387 1085 1460 laeten
1111 1387 1191 1461 dese
1215 1386 1418 1462 voirscreve
1440 1389 1563 1470 stuken
1582 1397 1619 1473 bi
1633 1398 1734 1475 onser

537 1485 637 1560 vrien
660 1481 753 1554 wille
770 1479 905 1577 gestien
931 1480 1024 1554 ende
1050 1481 1322 1556 confirmerense
1343 1484 1434 1558 ende
1455 1486 1594 1564 hebben
1613 1518 1734 1570 omme

532 1579 649 1654 beden
682 1575 773 1648 wille
800 1579 931 1649 Niciar‘r
955 1577 1078 1650 Heere
1103 1600 1173 1652 van
1188 1578 1292 1650 Putre
1305 1579 1397 1654 ende
1410 1599 1480 1656 van
1493 1585 1622 1678 Stryeu
1639 1590 1732 1662 voir-

535 1690 689 1759 noemt,
729 1671 820 1744 ende
843 1675 947 1764 Alydt
977 1669 1137 1746 Vrouwe
1163 1695 1233 1746 van
1261 1673 1364 1748 Putte
1393 1676 1484 1748 ende
1512 1702 1583 1754 van
1614 1684 1732 1759 Strien

536 1767 758 1856 voirnoemt,
784 1765 891 1840 unsen
915 1765 1039 1860 zeghel
1063 1767 1188 1840 voiren
1210 1767 1395 1864 gehangen
1418 1791 1508 1844 mett
1529 1775 1599 1848 den
1621 1777 1732 1852 haren

535 1863 574 1938 in
597 1860 777 1936 kenniiien
795 1885 863 1936 van
886 1864 917 1936 al
940 1861 1038 1941 deser
1058 1863 1215 1958 dinghen
1235 1885 1302 1941 nen
1326 1863 1406 1938 dese
1430 1867 1732 1967 'egewoirdighen

534 1960 696 2030 Lernen:
748 1958 813 2033 Dit
828 1981 900 2032 was
949 1957 1086 2032 hedaen
1111 1958 1149 2032 in
1174 1959 1200 2032 ’t
1218 1959 1296 2053 jaer
1318 1982 1393 2034 ons.
1442 1985 1547 2038 eeren
1573 1966 1621 2040 air
1644 1990 1730 2040 rnen

537 2050 656 2125 screef
672 2051 801 2128 durent
822 2054 900 2128 drie
924 1983 1082 2128 {orden
1103 2052 1195 2127 ende
1216 2076 1332 2129 zeveu
1345 2111 1360 2162 ι,
1385 2056 1449 2131 des
1476 2057 1729 2158 dinsendaghes

536 2145 612 2224 nair
630 2145 846 2246 snuedagher
863 2149 923 2224 dtt
938 2171 1021 2224 men
1038 2147 1175 2244 saughet
1192 2151 1365 2225 invocavit
1389 2177 1438 2226 ma
1458 2151 1554 2250 (aa).

658 2364 1609 2506 CHARTA11.(1)

533 2589 881 2702 Appniniiement
899 2592 1260 2694 deMonseigneur
1276 2590 1475 2679 leComre
1495 2595 1725 2688 Caranus

673 2699 739 2811 (2)
757 2701 897 2792 donne
916 2701 1042 2784 Anno
1056 2697 1170 2798 LXI.
1188 2725 1271 2780 cum
1288 2699 1575 2809 Confirmatione

838 2809 840 2816 ’
887 2811 1129 2894 Statutorum
1144 2809 1346 2918 Capitruli.

632 3037 813 3114 Hrarzs
836 3039 882 3112 de
898 3039 1132 3135 Bourg'oingne3
1156 3035 1271 3112 Conte
1286 3039 1329 3112 de
1343 3039 1528 3132 chernitis,
1550 3043 1720 3142 seigneur

535 3033 627 3234 C
656 3135 701 3209 de
717 3135 985 3232 Chasteaubeilt'n,
1012 3133 1057 3208 de
1071 3132 1237 3226 Bethana,
1264 3135 1445 3228 dePuttc,
1469 3135 1509 3212 dt
1523 3139 1567 3214 de
1583 3143 1720 3233 Strym,

1606 3259 1628 3310 st
1644 3254 1722 3312 tout

425 3503 428 3509 ,
574 3423 659 3508 (aa)
682 3419 798 3492 Gnido
816 3419 860 3486 de
881 3420 1066 3488 Harmonia
1085 3420 1272 3509 Episcopus
1300 3421 1518 3506 Trajestensrs
1543 3417 1649 3491 XLII.
1668 3425 1720 3494 ie·

485 3569 489 3574 .
532 3505 686 3572 cundum
709 3505 886 3588 vulgarem
904 3505 1088 3570 calculum.

577 3585 660 3673 (23)
684 3585 830 3652 Molesta
865 3585 1049 3669 adscriptio
1074 3585 1144 3654 diei
1177 3589 1214 3658 δι
1244 3586 1375 3654 menits.
1415 3585 1500 3654 Dies
1533 3587 1717 3658 Dominica

524 3669 774 3744 'Invotauirm'm
794 3665 842 3733 est
864 3669 1050 3740 Dominica
1067 3671 1178 3754 prima
1197 3671 1338 3756 Quadra
1362 3668 1492 3745 estmae,
1514 3689 1590 3754 quae
1610 3673 1715 3767 (cum

533 3751 658 3818 Pascha
674 3767 763 3816 anno
782 3767 877 3836 1307.
896 3752 1105 3820 celebratum
1121 3754 1223 3823 inerit
1239 3759 1292 3821 26.
1356 3753 1454 3834 arrii)
1475 3755 1596 3821 incidit
1616 3772 1651 3819 rn
1675 3774 1714 3822 ra

532 3833 719 3900 Februarii.
760 3833 864 3902 Unde
884 3838 960 3902 haee
979 3836 1108 3906 Charta
1126 3839 1207 3906 data
1224 3835 1273 3904 est
1296 3856 1346 3920 14.
1367 3837 1542 3904 Februarii
1559 3856 1651 3920 1307.

576 3915 639 3998 (ι)
662 3916 776 3983 Cinara
797 3916 865 4001 H.)
895 3919 1088 3989 Ridiculum
1117 3921 1166 3988 est
1197 3923 1290 4004 quod
1316 3918 1517 3988 Heuiienius
1550 3921 1621 4003 egit
1644 3919 1712 3991 hic.

533 3996 631 4064 Vidit
646 4001 735 4068 hanc
752 3999 934 4081 Chartam,
955 4021 1099 4088 eamque
1111 4023 1191 4091 pag.
1211 4022 1284 4089 340.
1300 4003 1410 4070 deseri
1437 4002 1473 4067 srt
1489 4018 1592 4084 atque
1608 4003 1715 4068 edidit

531 4080 695 4162 usquead
714 4083 933 4156 insertionem
977 4089 1180 4158 raectdentis
1199 4088 1339 4155 Chartae
1350 4086 1379 4149 Ι.
1426 4099 1598 4161 mutarat,
1619 4104 1713 4166 quae,

532 4164 624 4243 quod
647 4183 667 4232 e
683 4165 822 4253 Belgica
844 4171 880 4236 in
900 4106 1074 4241 Gafiicum
1093 4171 1220 4238 idioma
1243 4167 1403 4236 transsata
1416 4167 1639 4242 insereretur,
1655 4167 1715 4240 fibi

530 4243 600 4316 visa
621 4245 686 4318 init
705 4267 775 4320 non
787 4254 989 4339 repetenda.
1031 4253 1075 4322 Et
1089 4253 1158 4324 huc
1170 4251 1310 4340 quidem
1329 4249 1432 4334 culpa
1448 4269 1572 4321 vacare
1591 4249 1715 4401 poisegi
