3959 5159
111 1855 113 1863 ,
229 1817 315 1890 mini
332 1815 512 1890 millesimo
536 1816 781 1896 trecentesimo
796 1815 1058 1916 quadragefimo
1081 1815 1201 1911 sexto,
1228 1818 1317 1894 feria
1332 1818 1431 1893 sexta
1486 1884 1491 1894 .

322 501 652 593 crrrrutr
685 499 1304 593 annuntiaransrs.
1368 530 1418 611 41

222 675 386 752 mitatem
399 677 602 752 earumdem
617 699 680 774 per
695 673 827 751 distant
843 677 1036 752 Dominam
1049 676 1087 749 in
1097 673 1304 772 capellaniis
1314 672 1420 750 trans-
1443 681 1549 769 1346.

224 770 310 846 latas
338 776 544 848 memoratis
579 770 813 847 ratifficanter‘
834 772 885 847 ·&
915 775 1163 870 approbantes.
1220 771 1423 846 Inhibentes

224 868 386 944 omnibus
402 867 440 942 dt
458 869 595 979 singulis
614 867 739 942 nostris
762 867 905 944 subditis
929 869 1181 964 cujuscumque
1201 864 1307 938 status
1327 869 1423 940 ordi·
1522 905 1528 916 ’

223 963 278 1036 nis
302 965 363 1038 vel
387 966 601 1038 conditionis
626 961 829 1052 extiterint,
855 965 975 1060 nequis
997 987 1122 1036 eorum
1140 981 1263 1034 contra
1283 963 1423 1035 ordina·

223 1061 381 1148 tionem,
406 1060 638 1134 donationem
660 1055 699 1129 dt
715 1057 977 1152 affignationem
999 1058 1093 1131 diue
1115 1058 1271 1131 Domine
1289 1061 1421 1130 Beam'·
1464 1097 1474 1114 ι

226 1159 272 1226 o‘s
286 1155 367 1229 casu
389 1155 580 1229 temerario
602 1151 789 1250 quicquam
805 1154 933 1226 audeat
956 1172 1146 1243 attentare,
1171 1151 1231 1226 sub
1248 1153 1348 1248 penis
1363 1173 1424 1224 ex-

224 1251 565 1324 communicationis
586 1267 624 1319 ut
645 1245 696 1319 est
719 1249 756 1320 in
779 1247 900 1322 charta
924 1244 1017 1318 diere
1034 1250 1192 1323 Bearricis
1207 1248 1422 1336 traditionis,

225 1346 453 1432 donationis,
481 1341 686 1434 eredionis,
709 1341 926 1416 fundationis
954 1339 994 1414 dt
1018 1343 1239 1432 dotationis,
1262 1345 1321 1416 cui
1343 1366 1424 1439 pre·
1516 1408 1521 1422 ,

228 1439 310 1514 sens
339 1437 459 1512 nostra
481 1439 602 1511 cedula
623 1440 656 1510 ei
685 1438 705 1477 *
736 1439 903 1514 transfixa
928 1435 1203 1532 comprehensis.
1253 1425 1563 1512 volumuswtvt

231 1536 344 1606 etiam
365 1531 405 1606 dr
428 1533 629 1604 mandamus
654 1530 746 1603 dine
766 1537 930 1604 Beatricis
953 1531 1052 1626 pium
1082 1529 1248 1606 affetum
1272 1534 1310 1605 in
1335 1509 1494 1605 didiaest·

202 1654 216 1674 ν
228 1627 506 1724 presenti.carta
533 1625 826 1736 comprehensum
850 1627 886 1700 in
910 1625 1072 1699 omnibus
1092 1627 1225 1700 devote
1244 1627 1427 1724 adimpleri

228 1723 353 1796 narum
370 1717 565 1794 nostrarum
589 1718 790 1798 testrmonio
814 1724 1038 1794 Litterarum.
1090 1723 1223 1798 Datum
1240 1745 1335 1797 anno
1352 1724 1430 1796 Do·

232 1909 311 2010 post
325 1912 474 1988 cineret.
501 1909 557 2007 (5)

389 2147 1266 2286 cunnrnrn(n

281 2404 402 2490 Nova
412 2379 593 2514 standario
607 2407 775 2491 Domini
795 2404 985 2492 Zwederi
1014 2412 1079 2515 (2)
1106 2404 1273 2516 quinque
1282 2405 1389 2490 Pre-

491 2517 693 2598 bendarnm
715 2543 765 2598 ex
783 2521 948 2628 quinque
962 2517 1207 2628 Capelianiis.
1392 2555 1401 2560 ·

241 2737 469 2939 ONffen
491 2739 670 2818 eersamen
686 2739 809 2818 Vader
828 2745 866 2819 in
885 2743 1025 2842 goede,
1050 2723 1172 2820 Heere
1202 2740 1294 2818 ende
1316 2739 1429 2835 Oem,
1452 2745 1557 2842 1376.
1703 2795 1706 2810 .

379 2839 488 2913 heere
516 2841 631 2914 Arena
663 2837 702 2934 (3
726 2968 731 2974 1
759 2840 869 2936 byder
902 2842 1065 2939 genaden
1087 2840 1186 2917 Godt
1217 2837 1433 3010 Byssrffetffi

281 3145 331 3235 (5)
352 3146 440 3214 Faria
448 3147 545 3234 fleam
558 3147 620 3233 pofl
634 3145 778 3235 Cineres)
798 3149 836 3218 id
855 3146 925 3229 est,
945 3148 1003 3218 die
1019 3166 1037 3232 3
1055 3149 1182 3228 Martii.
1203 3147 1434 3216 Paschanam-

244 3247 308 3379 ἕξις
328 3232 411 3295 anni
440 3235 535 3316 1346.
563 3231 775 3298 celebratum
804 3249 886 3300 cum
913 3231 1022 3300 fuerit
1045 3234 1105 3302 die
1131 3238 1171 3300 16
1192 3231 1337 3317 Aprilis,
1360 3229 1434 3294 dies

276 3313 410 3381 inerunt
425 3313 551 3380 incidit
563 3315 599 3381 in
615 3314 706 3380 diem
718 3317 867 3400 primurn
884 3315 1003 3382 Martii
1012 3341 1024 3397 3
1038 3319 1098 3400 qui
1113 3314 1186 3381 dier
1202 3333 1282 3381 eum
1303 3309 1369 3377 sem
1395 3329 1434 3378 er

246 3394 384 3491 inferia
399 3411 545 3478 quarta,
566 3397 722 3464 restatur
741 3399 826 3468 feria
850 3400 965 3474 sexta,
985 3399 1030 3468 de
1045 3417 1112 3482 qua
1136 3395 1213 3475 hic,
1231 3394 1337 3464 fuerit
1362 3329 1435 3492 dies

247 3489 370 3544 tertius
386 3479 535 3564 ejusdem
558 3479 681 3548 Menfis
707 3483 834 3550 Martii.
873 3481 963 3548 Haec
984 3481 1185 3568 ingratiam
1208 3477 1435 3550 Acatholrco·

247 3575 325 3624 rum
347 3564 561 3646 popularium
580 3583 748 3634 meorum.

287 3645 321 3728 (1
360 3644 448 3739 H3aec
488 3647 593 3713 lacuit
608 3647 818 3726 Heuss'enio,
841 3666 945 3731 aquo
965 3646 1150 3728 exhibetur
1165 3662 1203 3729 p.
1219 3650 1298 3743 338.¹

287 3729 322 3812 (a
362 3727 435 3793 Hic
487 3729 642 3812 wrm,
671 3731 821 3880 ibnessos
844 3731 1067 3799 fundatorum
1090 3730 1190 3814 hujus
1211 3728 1441 3825 Capituufi·

245 3809 309 3876 iius
325 3809 373 3874 est
389 3811 524 3894 Joonnae
540 3813 584 3881 de
608 3814 750 3880 Gaesbeet
777 3859 789 3888 ,
811 3814 903 3879 Putre
931 3816 966 3884 Θ
991 3813 1114 3899 Stryen,
1135 3831 1211 3894 quae
1232 3813 1344 3895 nupsit
1366 3806 1440 3890 G²s·

245 3889 325 3955 berto
340 3893 384 3958 de
402 3895 547 3959 Abcoude.
587 3896 677 3964 Vide
693 3895 834 3963 stemma
854 3899 946 3978 quod
967 3896 1039 3978 sup.
1060 3899 1104 3961 ad
1120 3894 1286 3959 Chartam
1296 3891 1340 3956 ΙΙ.
1357 3906 1391 3953 n.
1405 3905 1438 3968 3.

289 3973 340 4059 (3)
362 3976 488 4058 mend)
513 3978 691 4046 Aruoldus
707 3979 751 4043 de
767 3979 889 4042 Heurn
909 3987 941 4042 tn
958 3995 1032 4061 opp.
1050 3979 1094 4042 ad
1111 3973 1235 4042 Beiram.
1275 3973 1331 4038 De
1347 3969 1440 4037 Hor·

246 4073 289 4123 ne
304 4058 389 4142 apud
397 4059 568 4126 &abdiam
585 4062 627 4130 od
642 4059 785 4134 Hedum,
804 4059 862 4140 qui
882 4061 1026 4141 apponit
1045 4059 1185 4124 stemma
1193 4073 1244 4131 ex
1260 4055 1437 4141 Rietwyc·

246 4139 322 4216 hio,
342 4142 527 4211 conforme
544 4144 717 4212 stemmati·
729 4142 820 4226 apud
840 4141 991 4208 Butkens
1011 4153 1152 4205 tom-1.
1172 4157 1207 4222 p.
1223 4142 1298 4207 620.
1338 4139 1436 4206 Zaue-

245 4221 331 4286 derns
348 4225 518 4292 arraldum
539 4245 642 4296 vocat
660 4226 746 4296 uem.
764 4227 787 4291 i.
811 4243 842 4295 e.
862 4224 949 4294 uam.
991 4222 1075 4290 Non
1102 4233 1283 4307 patruum,
1313 4223 1371 4290 sed
1388 4223 1439 4291 A·

244 4309 432 4376 vunculnrn
444 4312 612 4395 intellige.
654 4311 736 4382 Erat
747 4310 875 4398 quippe
891 4309 1009 4378 matris
1027 4307 1134 4378 frater
1150 4309 1441 4395 comanguineus,

292 4385 379 4463 Tm.
395 4397 482 4470 III.
507 4399 599 4470 Pars
624 4419 658 4471 a.
979 4396 1009 4468 F
1319 4390 1444 4458 eodem
