3959 5159
515 420 613 557 120'
704 463 999 555 aalma
1055 462 1562 554 runnnrro.

364 656 475 749 1406.
515 637 642 745 giis&
657 638 792 737 juribus
821 637 917 729 aliis,
942 655 1066 711 contra
1090 636 1229 725 Deum,
1255 636 1447 731 rationem,
1469 638 1528 734 jus
1548 634 1708 733 &inill-

516 743 629 829 ciam,
653 738 689 808 in
703 756 939 832 magnumque
960 732 1192 829 preiudicium
1212 733 1249 804 dt
1266 756 1455 828 gravamen
1478 733 1578 809 dislis
1592 735 1709 831 pedio-
1737 744 1740 755 '

516 838 611 913 ribus
636 830 868 907 Ecclesrarum
889 831 954 940 per
976 826 1192 903 extorsiones
1215 827 1422 924 pensionum
1443 830 1572 905 exinde
1597 830 1710 907 subse·

519 951 636 1008 cutes:
662 952 706 1001 ac
722 925 1031 1001 communitatibus
1046 920 1084 997 dc
1099 924 1172 997 aliis
1189 923 1344 1019 personis
1366 950 1432 1023 per
1449 925 1632 1021 penslones
1650 950 1710 1003 an·

520 1049 608 1103 nuas
631 1021 861 1097 verifimiliter
884 1019 1166 1117 subsequuturae,
1192 1018 1324 1093 eisdem
1347 1020 1586 1117 Preposrture,
1613 1022 1710 1096 The·

521 1120 673 1199 saurarie
689 1142 731 1191 ac
746 1114 953 1193 Scholastrie
968 1114 1105 1188 divisim
1124 1116 1161 1189 in
1176 1114 1278 1189 dotes
1299 1116 1357 1191 affi
1429 1120 1491 1209 tis,
1517 1138 1713 1193 commuta·

520 1216 596 1306 vit,
630 1212 827 1302 ordinavit,
861 1209 1068 1300 constituit,
1094 1212 1232 1299 erexit,
1257 1212 1349 1285 admi
1364 1232 1392 1285 rt
1420 1212 1459 1289 ἃ
1487 1212 1714 1289 confirmavit

519 1329 628 1409 prout
644 1310 681 1384 in
698 1307 820 1383 litteris
837 1304 986 1403 desuper
1002 1306 1172 1381 conserus
1194 1304 1418 1383 &concessis
1439 1308 1576 1405 plenius
1601 1310 1714 1385 conti·

519 1427 634 1479 netur.
687 1402 766 1503 Qua
782 1402 1058 1501 commutatione
1079 1403 1231 1499 quinque
1257 1402 1467 1479 vicariatum
1493 1406 1530 1480 in
1559 1406 1710 1501 quinque

517 1500 715 1576 Prebendas
752 1498 1000 1586 canonicales,
1026 1496 1066 1571 ἃ
1096 1498 1365 1593 participatione
1389 1500 1520 1596 equali,
1550 1524 1619 1597 que¹
1643 1503 1712 1575 lau-

520 1595 641 1672 dabilis
658 1593 698 1667 dt
718 1594 830 1685 utilis,
857 1596 948 1665 bene
963 1594 1135 1665 contenti.
1187 1594 1256 1667 Sed
1272 1617 1354 1669 cuna
1371 1619 1435 1689 per
1462 1596 1616 1691 superius
1629 1596 1710 1671 alle·

518 1710 620 1791 gata,
646 1685 818 1764 dislarum
836 1687 1075 1784 Preposrture,
1102 1687 1353 1777 Thesaurarie,
1379 1688 1417 1763 dr
1432 1690 1638 1765 Scholastrie
1656 1715 1712 1765 or·

520 1784 735 1873 dinationes,
762 1782 1027 1874 constitutiones
1045 1780 1295 1857 &messiones
1310 1785 1430 1860 debito
1455 1786 1562 1860 modo
1586 1786 1713 1861 vallate

519 1904 592 1955 non
609 1876 770 1971 suerunt,
795 1903 864 1953 nec
880 1878 925 1952 de
941 1880 1022 1976 jure
1044 1876 1302 1974 processerunt,
1329 1878 1391 1977 ipsr
1417 1906 1459 1955 ue
1484 1880 1640 1957 Ecclesre
1664 1882 1710 1963 de

521 1977 701 2065 Gberwliet
717 1974 858 2069 penitus
877 1974 1022 2047 inutiles
1043 1996 1085 2046 ac
1116 1976 1262 2049 omnino
1284 1907 1457 2071 superine
1481 1976 1646 2069 fuerunt,
1673 1976 1714 2053 ἃ

508 2070 624 2160 sunt,
656 2071 776 2165 potius
804 2069 914 2143 cultui
945 2067 1081 2143 Divino
1105 2090 1266 2165 parantes
1295 2072 1342 2146 irn
1370 2072 1584 2147 edimeutum
1610 2096 1717 2169 quarn

514 2184 768 2265 augmentum,
794 2184 866 2239 tam
886 2161 969 2239 dien
989 2166 1156 2241 Decanus
1171 2164 1210 2239 dt
1225 2168 1274 2241 Ca
1300 2098 1444 2256 itulum,
1470 2169 1577 2263 quim
1608 2168 1716 2243 etiam

516 2262 692 2338 Dominus
710 2261 926 2353 Wlhelmus,
949 2262 1106 2335 unanimi
1127 2259 1256 2333 consen
1273 2286 1295 2333 u
1312 2285 1397 2343 ¹cum
1415 2260 1572 2356 expressa
1590 2264 1715 2338 volun·

518 2377 593 2435 tate
610 2356 757 2433 Domini
781 2356 952 2431 Wlhelmi
975 2360 1101 2432 Bonten
1121 2354 1290 2452 Pteposrti
1302 2357 1378 2453 jam
1404 2354 1484 2431 atru
1510 2356 1715 2449 existentis,

519 2453 621 2529 nobis
639 2452 816 2527 humiliter
831 2452 1091 2563 supplicarunt,
1117 2471 1287 2549 quatenus
1314 2452 1591 2527 commutatione
1614 2454 1714 2549 quin·

545 2574 588 2623 ue
603 2550 827 2625 Vicariarum
840 2573 877 2622 1n
894 2571 1045 2644 qumque
1062 2546 1258 2621 Prebendas
1269 2547 1494 2625 Canonicales
1512 2568 1716 2643 prenarrata

516 2572 631 2733 larva,
655 2646 805 2719 eandem
824 2643 870 2715 de
878 2666 974 2715 novo
984 2664 1078 2714 nunc
1120 2662 1201 2713 rout
1220 2665 1266 2715 ex
1281 2662 1385 2729 tunc,
1412 2644 1597 2733 ordinare,
1630 2668 1715 2718 con·

519 2740 687 2825 stituere,
720 2736 906 2811 admittere
938 2732 1075 2823 &pun
1102 2758 1237 2820 rmare,
1261 2736 1422 2902 prefatas
1453 2738 1714 2829 ordinationes,

373 2834 378 2843 ’
520 2832 816 2919 constitutiones,
848 2828 889 2903 dt
917 2824 1112 2903 erettiones
1144 2832 1259 2925 Prepo
1274 2852 1364 2905 tture
1379 2858 1400 2925 ,·
1417 2832 1646 2919 Thesaurarie
1674 2832 1715 2909 δι

520 2927 731 3002 Scholastrie
747 2924 946 3022 hujusmodi
962 2946 1155 3017 revocare,
1182 2924 1309 2999 callare
1327 2926 1367 3003 dc
1387 2927 1525 3004 easdem
1540 2932 1716 3005 annullare

520 3020 732 3097 &totaliter
760 3020 823 3117 sup
848 3022 996 3112 timere,
1022 3020 1190 3117 dotesque
1212 3021 1284 3094 srve
1320 3024 1507 3099 donations
1533 3022 1612 3122 ipsis
1634 3028 1715 3099 Pre-

521 3118 693 3215 posrture‚
727 3116 809 3192 The
824 3117 980 3206 aurarie,
1015 3114 1054 3190 dt
1076 3114 1283 3194 Scholastrie
1308 3116 1364 3191 afli
1393 3139 1508 3211 natas,
1534 3122 1642 3215 etiam
1665 3120 1715 3195 di·

521 3214 645 3303 vism,
678 3234 825 3311 propter
864 3214 1017 3289 rationes
1042 3212 1224 3311 allegatas,
1260 3214 1297 3287 in
1365 3216 1372 3229 “
1407 3216 1501 3289 'num
1526 3216 1652 3291 statum
1676 3214 1718 3292 dc

520 3310 721 3387 libertatem
735 3310 937 3399 restituere,
963 3308 1027 3381 illis
1044 3308 1174 3383 duabus
1191 3312 1304 3406 Prepo
1319 3329 1408 3385 rture
1424 3310 1463 3386 ἃ
1483 3308 1715 3388 Thesaurarie

522 3406 715 3505 affignatis,
749 3405 876 3504 absque
914 3403 1020 3480 titulis
1045 3404 1242 3498 hujusmodi
1271 3406 1531 3503 imperpetuum
1555 3433 1717 3505 perman-

520 3502 626 3593 suris3
648 3502 861 3599 Provisoque
886 3500 951 3599 (4),
965 3500 1059 3597 quod
1075 3499 1147 3595 ipse
1164 3500 1358 3575 Wlhelmus
1371 3502 1568 3598 Preposrtus
1579 3508 1621 3581 ad
1635 3530 1715 3602 pre·
1828 3574 1831 3581 a

520 3596 597 3672 sens
612 3598 726 3696 quoad
746 3598 876 3673 vixerit
903 3596 941 3671 in
963 3598 1061 3671 omni
1077 3596 1157 3692 jure
1179 3597 1418 3695 Preposrture,
1453 3622 1524 3699 quo
1546 3625 1639 3677 nunc
1663 3601 1716 3677 est

519 3690 561 3767 dt
595 3691 762 3768 haetenus
786 3694 939 3792 gaudere
962 3687 1170 3789 consuevit,
1204 3694 1397 3770 servaretur
1427 3686 1469 3770 'dt
1491 3717 1716 3789 remaneret3

519 3788 664 3888 ipsaque
681 3790 822 3886 predia,
848 3789 1005 3863 redditus
1033 3786 1072 3863 ἃ
1098 3790 1220 3866 census
1243 3792 1287 3867 ad
1320 3790 1427 3867 dieras
1458 3793 1719 3890 Preposrturam
1829 3788 1842 3801 ’

521 3884 560 3963 ἃ
586 3881 729 3983 officia,
761 3884 869 3963 etiam
897 3882 1066 3981 divisam,
1098 3890 1337 3983 pertinentes,
1368 3886 1523 3986 prefatas
1544 3891 1719 3981 Ecclesiae

1615 3990 1721 4073 Paro·

561 4161 610 4244 (4)
631 4160 821 4249 &annoque
864 4163 1011 4232 Barbara
1037 4164 1186 4238 locutio,
1209 4182 1275 4247 qua
1300 4160 1518 4249 fignificatam
1537 4160 1615 4228 vult
1637 4180 1720 4231 con·

517 4244 701 4314 ditionem.
743 4248 862 4332 Quam
885 4268 928 4315 ex
955 4249 1081 4314 rimere
1098 4247 1243 4315 solemus
1264 4264 1327 4331 per
1348 4244 1550 4313 adverbium
1567 4246 1718 4331 aliquod.

513 4326 618 4417 Dum,
645 4329 835 4412 Dummodo,
855 4329 910 4398 Mo
949 4378 959 4399 .
1000 4328 1045 4397 Et
1061 4328 1141 4398 hic:
1161 4330 1275 4410 staur,
1296 4330 1355 4399 vel
1370 4326 1510 4414 aliquod
1528 4328 1643 4401 srmile.
