3959 5159
310 464 643 556 cuerruur
672 463 1297 556 onuuunrurnusrs.
1361 493 1414 574 45

221 636 386 737 ghestade
415 657 452 730 te
465 637 631 730 houden,
657 638 749 713 ende
774 659 825 720 te,
846 643 1046 738 approbere
1085 637 1168 712 dese
1204 637 1289 714 selle
1312 637 1421 715 Vica·
1449 635 1553 726 1376-

219 739 297 810 rien
321 738 356 808 in
388 733 568 808 Canonick
594 735 778 812 Provende
795 743 839 810 'te
864 737 1101 810 confirmeren
1126 735 1248 808 mittet
1269 731 1422 822 Prostie,

225 829 442 920 Thesaurie,
468 829 676 918 scholastrie
687 887 697 921 ‚
707 831 798 904 ende
813 831 928 908 sulcke
944 831 1152 922 Costerien‚
1177 828 1422 918 scholastrien,

225 925 508 999 Scrifumbochte
549 924 689 1016 enfien,
716 927 836 1000 mittet
854 928 1013 1004 vicarien
1044 927 1161 1001 voers.
1184 924 1232 999 als
1263 942 1321 1021 wy
1346 923 1424 998 hier

222 1037 260 1093 te
279 1016 444 1115 berrysen
462 1045 508 1094 en
533 1022 762 1130 eghegeven
778 1022 911 1114 hebbe,
936 1025 997 1098 dat
1012 1023 1086 1119 ghy
1108 1047 1133 1096 u
1150 1022 1233 1096 daer
1257 1039 1322 1092 toe
1336 1019 1422 1113 ghe-

222 1116 428 1210 waerdighe
442 1117 519 1189 wilt
544 1116 602 1188 dre
622 1133 658 1188 te
676 1115 905 1211 verenighen.
953 1119 1055 1192 Ende
1077 1117 1135 1190 die
1159 1135 1195 1188 te
1216 1115 1423 1208 incorpore·

83 1285 85 1326 ἰ
222 1212 335 1286 rende
350 1233 413 1284 om
428 1211 512 1284 God
528 1211 621 1282 wille
639 1210 676 1283 in
692 1212 762 1288 alte
779 1211 959 1286 manieren
976 1213 1025 1284 alt
1047 1213 1122 1286 hier
1143 1234 1233 1288 voer
1262 1206 1422 1308 ghescre·

222 1399 355 1496 ghiifte
381 1397 553 1473 ewelicke
573 1398 649 1472 vast
667 1402 759 1511 ende
773 1401 940 1511 ghestarle
963 1303 1425 1511 biiuffitzleptacffeehzifi

221 1497 298 1566 ben
312 1519 373 1589 ury
391 1491 494 1566 desen
517 1513 552 1564 te
576 1493 772 1570 henrrorrdi
798 1519 843 1568 err
862 1497 957 1570 brief
973 1519 1069 1593 open
1089 1496 1170 1569 bese
1221 1494 1335 1603 eltrnt
1350 1515 1426 1590 Jaer

224 1609 293 1660 ons
308 1589 454 1662 Heeren
483 1517 629 1681 duyient
658 1589 746 1686 drye
773 1521 929 1664 {ondert
957 1590 1011 1666 set
1032 1590 1125 1666 ende
1189 1589 1357 1666 eventrch
1378 1611 1427 1684 op

223 1680 317 1754 finte
331 1684 415 1778 Jens
437 1701 547 1756 avont
563 1698 598 1754 te
614 1683 706 1760 mide
721 1707 854 1760 zomer.

223 1327 296 1378 ven
311 1306 351 1378 is.
406 1306 469 1400 Op
489 1305 626 1378 daoalle
643 1305 723 1379 dese
741 1308 972 1404 tegenwoirdi

292 1894 909 2044 'couururuu'rro
954 1943 1327 2080 uurscorr.

254 2255 258 2264 ,
330 2171 559 2281 Rnounus
584 2172 642 2281 oie
657 2173 783 2248 Heren
807 2173 868 2270 (5)
896 2173 968 2284 Ilei
995 2175 1110 2271 gratia
1130 2172 1325 2282 Episcopus
1338 2171 1427 2250 Tra·

252 2366 260 2381 ·
282 2365 289 2377 .
350 2264 516 2360 jettensis
538 2268 704 2342 umverlis
720 2271 940 2366 Ptesbyterrs
955 2265 997 2342 δι
1017 2267 1213 2375 capellanis
1229 2271 1329 2377 noluo
1351 2266 1428 2343 sub·

225 2363 307 2440 drtrs
337 2359 381 2434 ad
410 2385 498 2459 quos
523 2362 665 2457 presens
693 2363 850 2440 nostrum
874 2365 1080 2438 mandatum
1105 2383 1312 2474 pervenerit
1343 2361 1427 2437 salu·

227 2477 303 2532 tem
315 2458 363 2550 lin
387 2455 546 2532 Domino
567 2457 827 2555 sempiternam.
877 2459 1007 2533 Petitio
1030 2460 1157 2533 nobilis
1180 2458 1250 2533 viri
1276 2460 1433 2530 Zwederi

227 2554 276 2626 de
293 2555 464 2644 Apcoude,
488 2554 655 2640 Batonis,
681 2551 720 2626 &
741 2553 869 2628 Militis
891 2554 935 2628 de
954 2555 1059 2626 Putre
1073 2551 1114 2626 δι
1134 2551 1179 2625 de
1196 2553 1311 2641 Stryen
1327 2551 1431 2622 nobie

231 2646 391 2720 exhibita
415 2645 639 2734 continebat,
690 2666 834 2722 uateous
851 2650 964 2722 cumi
990 2648 1026 2722 se
1040 2647 1215 2746 quandam
1236 2644 1429 2720 ordinatio·

228 2765 314 2815 nem
332 2741 369 2814 in
384 2739 508 2814 litteris
524 2739 645 2836 quibus
664 2671 713 2814 ire
734 2743 851 2816 littere
879 2671 988 2842 (senff
1010 2741 1126 2818 nostra
1146 2741 1287 2838 presens
1309 2739 1431 2815 cedula

231 2835 283 2908 est
300 2833 466 2911 transfixa
482 2853 685 2910 contentam
705 2837 941 2934 concepillet,
967 2839 1135 2915 videlieet
1151 2836 1264 2935 -quod
1287 2859 1333 2910 ex
1362 2833 1431 2908 Vr-

233 2932 336 3006 cariis
351 2931 535 3027 perpetuis
557 2931 789 3026 imposterum
805 2935 1004 3010 Prehendas
1019 2933 1174 3010 Ecclelre
1184 2932 1433 3023 Gbervlietenfir

233 3025 371 3113 facere,
396 3024 435 3098 δι
458 3025 550 3121 ipsos
565 3027 731 3102 vicarios
746 3029 791 3101 de
813 3048 935 3104 cetero
953 3031 1152 3105 Canonicos
1166 3029 1246 3104 fore
1262 3027 1430 3125 equaliter

233 3145 315 3194 cum
330 3121 403 3195 aliis
420 3122 666 3216 participando
689 3122 821 3198 fruelus
838 3125 1018 3217 levantes,
1043 3125 1082 3200 &
1097 3147 1203 3200 unam
1216 3125 1260 3198 de
1309 3123 1430 3196 uinde-

234 3219 303 3292 cim
319 3218 508 3292 Prehendis
536 3217 573 3290 in
600 3241 707 3291 unam
736 3220 1016 3317 Preposrturam,
1040 3219 1079 3295 &
1098 3242 1203 3293 unam
1227 3221 1264 3291 in
1284 3149 1430 3288 {chola-

235 3310 350 3385 striam
367 3313 518 3398 habere,
544 3313 587 3385 ad
603 3337 686 3408 quas
702 3313 742 3390 δι
759 3317 804 3390 ad
820 3341 888 3414 que
903 3337 1019 3392 certos
1037 3315 1215 3404 redditus,
1240 3309 1373 3385 fruelus
1390 3306 1431 3384 ἃ

237 3404 352 3481 offitia
367 3427 473 3504 prout
490 3409 526 3480 in
544 3407 675 3482 eisdem
689 3411 814 3486 litteris
834 3412 1038 3508 exequitur,
1063 3409 1245 3506 affignavit
1264 3405 1304 3480 tlt
1331 3406 1429 3480 dota·

236 3501 293 3576 vit
318 3503 355 3574 in
380 3503 515 3576 honore
538 3506 793 3600 omnipotentis
823 3509 902 3580 Dei'
921 3505 961 3582 ἃ
988 3510 1096 3578 Beate
1122 3506 1237 3581 Mario
1273 3501 1432 3600 Virginis

234 3595 389 3692 gloriose
424 3623 465 3672 ac
499 3601 656 3673 omnium
680 3601 907 3691 sannorum,
939 3601 1139 3699 hujusmodi
1169 3598 1434 3698 affiguationem

235 3689 449 3768 auctoritate
471 3693 584 3771 nostra
603 3698 777 3773 ordinaria
798 3699 991 3786 ratificare,
1019 3696 1287 3772 confirmare&
1305 3717 1432 3790 appro-

234 3789 347 3877 bare3
373 3785 415 3861 ἃ
431 3788 523 3882 ipsos
540 3791 704 3868 Vicarios
729 3793 906 3889 predittos
931 3793 1032 3868 dietis
1053 3793 1243 3866 Prebendis
1267 3789 1438 3862 Ghervlie·

236 3888 327 3976 lenfis
344 3883 501 3958 Ecclesre
519 3885 618 3960 unire
639 3887 678 3964 <lt
701 3890 930 3987 incorporare
969 3889 1195 3983 dignaremur
1226 3883 1265 3960 δι
1294 3879 1440 4042 conflen-

544 4025 551 4036 ·
902 4003 917 4013 ‘
1372 3995 1432 4046 um

277 4183 324 4264 (5)
346 4185 561 4257 llurrnrnne
585 4191 633 4256 dle
655 4190 806 4340 Herm&
827 4191 879 4258 Ex
893 4185 1093 4278 supradietis
1112 4194 1210 4274 potet
1233 4180 1437 4269 legendnm

232 4263 626 4342 Auuounusuelleum
643 4277 701 4344 vel
718 4274 754 4340 dt
785 4295 884 4430 Ftrevie.
1466 4277 1473 4296 ‘

840 4381 860 4452 3
