3959 5159
341 468 1309 581 uaurrutrunnnvmnrnusts.
1387 492 1468 591 iis

258 674 407 759 quorcs
426 622 565 731 firmi&
591 652 773 728 habeatur.
822 648 1085 727 Constituentes
1106 670 1357 751 procuratores
1389 657 1469 735 suos
1497 682 1602 783 1473,

258 776 334 853 ‘pro
368 749 572 849 hujusmodi
597 748 793 827 concordia
817 746 982 845 pass'anda
1009 748 1083 824 five
1112 742 1467 849 recognoscenda&

115 885 121 893 ·
261 869 386 925 eorum
401 848 553 923 condem
580 847 725 923 natione
745 844 955 943 requirenda
980 866 1104 921 coram
1130 844 1212 944 ipsis
1235 844 1463 923 lllustriffimis

262 944 483 1041 Principibus
504 872 650 1035 nullm,
677 941 752 1015 sive
774 940 917 1017 confilio
941 940 1123 1039 predicto,
1160 941 1328 1017 videlicet
1352 941 1464 1020 dictus

262 1042 431 1116 Decanus
444 1038 665 1116 venerabiles
682 1037 792 1114 Viros
816 1039 1004 1131 Bullatium
1031 1036 1213 1128 Mittam,
1239 1036 1277 1111 dc
1306 1038 1466 1129 Jiannsm

262 1142 376 1213 ledor
394 1160 453 1231 nr,
476 1134 726 1234 &quemlibet
749 1155 893 1228 eorum,
919 1132 959 1208 ἅ
982 1130 1067 1208 dicti
1087 1132 1260 1209 Canonici
1288 1130 1360 1209 &c
1387 1134 1465 1211 Ho-

259 1162 438 1309 norablles
465 1232 565 1308 viros
600 1228 816 1334 Christianum
843 1231 991 1340 lorcin,
1025 1230 1205 1341 Cornelium
1228 1232 1257 1303 lo
1282 1227 1401 1325 Visch,
1427 1226 1467 1307 δι

262 1333 428 1425 Joannsm
442 1330 553 1419 Rode,
575 1325 616 1401 tlt
632 1348 756 1400 eorum
770 1326 962 1423 quemlibet
980 1324 1053 1400 &o
1067 1346 1106 1401 in
1129 1322 1286 1399 solidum.
1335 1324 1469 1401 Adiuro

260 1426 301 1499 in
318 1423 415 1497 dicio
432 1422 567 1591 oppido
583 1422 629 1496 de
640 1422 826 1496 Gbeerolr'et
839 1420 1007 1517 vigesima
1024 1442 1117 1495 nona
1133 1420 1260 1497 Martii
1276 1418 1382 1496 Anno
1391 1423 1466 1497 Do·

260 1520 351 1595 mini
374 1518 468 1594 mille
481 1542 554 1595 imo
581 1517 727 1613 quadrin
752 1514 925 1592 entelimo
948 1514 1204 1613 septuagesimo
1226 1516 1354 1591 ottavo
1412 1516 1466 1593 ost

192 1664 196 1667 -
260 1614 405 1691 Pascha.
454 1614 496 1687 In
513 1538 1016 1724 cujusreitelrimoniumipfi
1032 1612 1199 1721 Decanus
1215 1542 1464 1709 &Capitulum

262 1710 374 1808 ipsam
402 1708 641 1785 Concordiam
668 1730 737 1804 pro
763 1708 1007 1783 mamanibus
1029 1704 1097 1781 suis
1121 1706 1408 1805 subsrgnaverunt
1424 1706 1465 1785 dt

256 1807 443 1881 communi
471 1803 582 1916 sigillo
602 1802 709 1975 ipius
735 1730 988 1879 leodiense
1018 1800 1168 1901 Capituli
1193 1804 1256 1881 has
1286 1802 1465 1901 presentes

264 1900 513 1999 ligillavcrunt.
532 1902 591 1976 Sic
682 1916 751 1975 ate.
800 1898 937 1991 Soluto,
961 1898 1106 1994 Joaimis
1123 1902 1212 1993 Dyl,
1240 1902 1340 1991 Cock,
1365 1898 1464 1977 Πιο-

263 2001 370 2091 dn'cur
390 2002 427 2072 de
443 2000 581 2093 dirpsi,
607 2000 638 2070 P
670 2000 778 2090 'lippus
800 1998 954 2093 chffor,
975 1996 1122 2090 Joannes
1149 1998 1188 2069 dr
1213 1998 1366 2072 Straton.
1391 2000 1465 2073 Fri·

263 2095 385 2184 Μ),
409 2097 454 2165 G.
490 2092 669 2182 Mikaeli's,
693 2088 734 2165 dt
762 2091 906 2188 Jocabor
929 2093 1072 2189 Judoci,
1097 2108 1138 2165 ut
1169 2088 1282 2259 supra.
1334 2092 1465 2193 Requi·

264 2188 462 2284 rentesipli
485 2190 737 2263 Procuratores
756 2188 960 2265 nominibus
980 2186 1147 2285 pretailis
1168 2188 1206 2287 ip
1221 2212 1258 2267 ui
1286 2206 1403 2286 partes
1428 2186 1469 2265 dt

262 2285 459 2383 quanrlibet
479 2285 493 2359 i
519 2283 633 2359 sarum
647 2280 772 2379 inipsa
794 2284 988 2359 concordia
1002 2304 1069 2382 pro
1102 2284 1228 2359 eadem
1250 2308 1316 2383 per
1340 2308 1402 2359 eos
1427 2282 1467 2359 dt

263 2403 330 2478 per
352 2308 573 2455 Succellllrer
601 2380 681 2453 suos
704 2380 871 2455 Decanos
890 2379 931 2456 dt
963 2377 1161 2456 Canonicos
1184 2378 1287 2477 ipsrus
1310 2379 1467 2457 Ecclesie

263 2477 436 2571 deinceps
449 2476 550 2551 'uxta
570 2474 647 2571 ejus
668 2471 822 2548 formam
836 2475 1080 2551 intertcnenda
1097 2493 1200 2571 atque
1225 2473 1462 2565 observanda,

315 2592 415 2645 rnos
491 2568 582 2666 ipsas
603 2586 729 2665 gentes
750 2568 876 2665 Magni
898 2566 1038 2647 Consilii
1062 2570 1172 2646 nostri
1197 2570 1463 2668 condempnari.

307 2684 409 2740 otum
427 2663 577 2739 facimus
593 2662 687 2759 quod
704 2686 770 2740 nos
784 2662 838 2739 liis
853 2665 997 2757 auditis,
1023 2666 1097 2741 visa
1136 2688 1181 2741 uo
1205 2688 1250 2743 ue
1264 2690 1306 2745 ac
1329 2678 1466 2742 mature

266 2763 303 2839 in
323 2760 401 2859 ipso
417 2758 568 2871 Conlilio
592 2757 714 2833 nostro
730 2759 877 2869 ,Littera
901 2758 962 2860 (3)
987 2760 1028 2837 dt
1049 2692 1226 2841 inteltecla
1252 2786 1468 2839 commemo·

267 2876 344 2935 rata
367 2856 588 2947 concordia,
620 2852 815 2951 sepedidlas
829 2875 958 2954 ¹partes
988 2856 1028 2931 dt
1054 2880 1175 2935 earum
1200 2859 1405 2959 quamlibet,
1424 2858 1468 2933 de
1545 2903 1550 2911 ·

268 2950 438 3030 consensu
453 2948 495 3027 ἃ
509 2952 553 3027 ad
576 2948 773 3047 requestam
786 2974 929 3042 carum,
978 2972 1021 3027 ro
1038 2952 1119 3050 ipfis
1141 2980 1265 3032 eorum
1290 2954 1470 3031 Succeffo·

267 3050 364 3125 ribus
377 3047 537 3122 Decanis
551 3044 593 3121 dt
607 3046 796 3120 Canonicis
821 3042 927 3142 ipfius
951 2974 1170 3125 locrensis
1192 3050 1397 3142 Gbeervliet,
1425 3052 1470 3125 ad

268 3142 556 3222 iutertenendum
570 3139 611 3216 dt
630 3141 677 3215 dc
689 3140 823 3237 punito
846 3142 891 3217 ad
909 3142 1081 3239 pundlunr
1103 3145 1293 3219 secundum
1311 3146 1386 3241 ejus
1399 3144 1470 3217 for·

270 3264 368 3318 main
384 3238 537 3314 eandem
559 3236 790 3313 concordiam
813 3234 855 3313 dt
879 3238 926 3311 de
949 3257 1072 3313 cetero
1104 3240 1357 3317 observandam
1385 3262 1468 3313 con·

271 3336 544 3430 dempnavimui
570 3330 611 3409 tlt
637 3332 938 3429 condempnamus
967 3355 1034 3431 per
1081 3334 1246 3411 resentes.
1303 3334 1345 3407 In
1373 3334 1471 3433 cujus

273 3431 330 3506 rei
347 3428 583 3513 testiinonium
597 3430 661 3505 has
679 3426 863 3523 presentet
885 3430 1023 3505 litteras
1048 3359 1157 3529 lgillo
1182 3426 1300 3505 nostro
1324 3428 1472 3508 fecimus

273 3525 499 3601 communiri.
549 3526 683 3599 Datum
699 3525 736 3597 in
753 3524 877 3621 Opido
892 3522 1012 3597 nostro
1029 3524 1242 3601 Bruxellensi
1266 3526 1324 3600 die
1351 3526 1472 3626 vigesi-

274 3640 336 3696 ma
363 3619 514 3718 septima
539 3618 666 3697 niensis
696 3614 863 3698 octobris
890 3639 984 3693 anno
1006 3620 1155 3697 Domini
1177 3622 1356 3697 millesimo
1389 3648 1471 3722 qua·

273 3716 549 3817 dringentesinro
579 3716 679 3813 septu
726 3713 832 3789 esimo
866 3712 1006 3789 octavo.
1065 3720 1121 3795 Sic
1166 3720 1347 3817 Signatum.
1406 3720 1473 3793 Per

272 3812 453 3890 nummos
468 3812 591 3893 Ducet
606 3814 651 3891 ad
670 3810 880 3887 rectionem
897 3810 1049 3891 Consilii.
1105 3816 1158 3902 De
1184 3820 1369 3890 Comminus.

506 4106 510 4111 ³
592 4005 730 4080 Littere
759 4000 944 4096 originales
966 4002 1170 4101 hujusmodi
1196 4000 1386 4099 concordie
1412 3988 1472 4078 lta·

670 4129 796 4205 bcntur
811 4122 849 4199 in
862 4114 976 4199 a‘rcliii
995 4119 1156 4222 Capituli.
1297 4124 1300 4129 ’
1424 4116 1429 4123 ’

316 4310 373 4404 (3)
390 4298 533 4401 niusa)
554 4312 634 4402 lego:
654 4314 755 4386 lecta,
871 4398 946 4476 M
1187 4288 1188 4292 ¹
1262 4312 1266 4319 .
1322 4214 1475 4321 CHAR-
